2024-08-05 11:51:54,SOLUSDT,bid,96,101151.0
2024-08-05 11:52:02,SOLUSDT,bid,90,102216.0
2024-08-05 11:52:08,SOLUSDT,bid,84,100165.0
2024-08-05 11:54:23,SOLUSDT,bid,90,102219.0
2024-08-05 11:55:34,SOLUSDT,bid,90,102269.0
2024-08-05 11:57:19,SOLUSDT,bid,90,102277.0
2024-08-05 11:59:03,SOLUSDT,bid,90,102306.0
2024-08-05 12:03:46,SOLUSDT,bid,90,114806.0
2024-08-05 12:04:13,SOLUSDT,bid,90,114798.0
2024-08-05 12:04:25,SOLUSDT,bid,90,114791.0
2024-08-05 12:05:10,SOLUSDT,bid,84,100166.0
2024-08-05 12:05:56,SOLUSDT,bid,96,101179.0
2024-08-05 12:06:14,SOLUSDT,bid,96,101679.0
2024-08-05 12:06:44,SOLUSDT,bid,96,101879.0
2024-08-05 12:06:55,SOLUSDT,bid,90,114762.0
2024-08-05 12:07:26,SOLUSDT,bid,90,114682.0
2024-08-05 12:07:53,SOLUSDT,bid,90,114571.0
2024-08-05 12:08:57,SOLUSDT,bid,96,101890.0
2024-08-05 12:09:11,SOLUSDT,bid,96,101862.0
2024-08-05 12:09:27,SOLUSDT,bid,90,114671.0
2024-08-05 12:09:30,SOLUSDT,bid,96,101662.0
2024-08-05 12:09:52,SOLUSDT,bid,96,101162.0
2024-08-05 12:09:52,SOLUSDT,bid,90,114672.0
2024-08-05 12:09:56,SOLUSDT,bid,90,114802.0
2024-08-05 12:10:02,SOLUSDT,bid,96,101147.0
2024-08-05 12:10:11,SOLUSDT,ask,127,39406.0
2024-08-05 12:10:16,SOLUSDT,bid,90,114804.0
2024-08-05 12:10:27,SOLUSDT,bid,90,114802.0
2024-08-05 12:11:16,SOLUSDT,bid,90,114800.0
2024-08-05 12:11:25,SOLUSDT,bid,90,114843.0
2024-08-05 12:11:41,SOLUSDT,bid,90,114845.0
2024-08-05 12:12:07,SOLUSDT,bid,90,114872.0
2024-08-05 12:12:30,SOLUSDT,bid,90,114862.0
2024-08-05 12:12:53,SOLUSDT,bid,96,101149.0
2024-08-05 12:13:06,SOLUSDT,bid,90,114903.0
2024-08-05 12:13:15,SOLUSDT,bid,90,114900.0
2024-08-05 12:13:34,SOLUSDT,bid,85,59378.0
2024-08-05 12:13:38,SOLUSDT,bid,84,100200.0
2024-08-05 12:13:38,SOLUSDT,bid,90,114902.0
2024-08-05 12:13:40,SOLUSDT,bid,90,115383.0
2024-08-05 12:13:44,SOLUSDT,bid,96,101649.0
2024-08-05 12:13:44,SOLUSDT,bid,96,102149.0
2024-08-05 12:13:45,SOLUSDT,bid,96,101149.0
2024-08-05 12:13:48,SOLUSDT,bid,90,115283.0
2024-08-05 12:13:48,SOLUSDT,bid,85,61731.0
2024-08-05 12:13:51,SOLUSDT,bid,90,115530.0
2024-08-05 12:13:58,SOLUSDT,bid,85,61733.0
2024-08-05 12:14:04,SOLUSDT,bid,90,115532.0
2024-08-05 12:14:13,SOLUSDT,bid,90,115547.0
2024-08-05 12:14:20,SOLUSDT,bid,90,115548.0
2024-08-05 12:14:36,SOLUSDT,bid,96,101150.0
2024-08-05 12:14:37,SOLUSDT,bid,84,100319.0
2024-08-05 12:14:42,SOLUSDT,bid,96,101149.0
2024-08-05 12:14:46,SOLUSDT,bid,90,115549.0
2024-08-05 12:14:50,SOLUSDT,bid,85,61740.0
2024-08-05 12:14:54,SOLUSDT,bid,90,115561.0
2024-08-05 12:15:00,SOLUSDT,bid,85,61741.0
2024-08-05 12:15:22,SOLUSDT,bid,90,115560.0
2024-08-05 12:15:51,SOLUSDT,bid,90,115549.0
2024-08-05 12:15:51,SOLUSDT,bid,90,115522.0
2024-08-05 12:16:09,SOLUSDT,bid,90,115594.0
2024-08-05 12:16:35,SOLUSDT,bid,90,115595.0
2024-08-05 12:16:38,SOLUSDT,bid,90,115695.0
2024-08-05 12:16:48,SOLUSDT,bid,85,61742.0
2024-08-05 12:16:49,SOLUSDT,bid,90,115696.0
2024-08-05 12:16:58,SOLUSDT,bid,90,115701.0
2024-08-05 12:17:11,SOLUSDT,bid,90,115601.0
2024-08-05 12:17:28,SOLUSDT,bid,90,115651.0
2024-08-05 12:17:42,SOLUSDT,bid,96,101199.0
2024-08-05 12:17:50,SOLUSDT,bid,90,115653.0
2024-08-05 12:17:53,SOLUSDT,bid,96,101197.0
2024-08-05 12:17:55,SOLUSDT,bid,90,115633.0
2024-08-05 12:18:15,SOLUSDT,bid,90,115716.0
2024-08-05 12:18:17,SOLUSDT,bid,85,61861.0
2024-08-05 12:18:25,SOLUSDT,bid,85,61862.0
2024-08-05 12:18:31,SOLUSDT,bid,90,115724.0
2024-08-05 12:18:56,SOLUSDT,bid,90,115725.0
2024-08-05 12:19:12,SOLUSDT,bid,96,101200.0
2024-08-05 12:19:26,SOLUSDT,bid,85,61861.0
2024-08-05 12:19:33,SOLUSDT,bid,85,61742.0
2024-08-05 12:19:48,SOLUSDT,bid,90,115726.0
2024-08-05 12:19:50,SOLUSDT,bid,96,101210.0
2024-08-05 12:19:57,SOLUSDT,bid,90,115738.0
2024-08-05 12:20:00,SOLUSDT,bid,90,115655.0
2024-08-05 12:20:20,SOLUSDT,bid,85,61636.0
2024-08-05 12:20:22,SOLUSDT,bid,85,61635.0
2024-08-05 12:20:22,SOLUSDT,bid,90,115660.0
2024-08-05 12:21:07,SOLUSDT,bid,90,115671.0
2024-08-05 12:21:09,SOLUSDT,bid,85,61628.0
2024-08-05 12:21:30,SOLUSDT,bid,90,115599.0
2024-08-05 12:22:08,SOLUSDT,bid,90,115596.0
2024-08-05 12:22:27,SOLUSDT,bid,90,103096.0
2024-08-05 12:22:39,SOLUSDT,bid,90,103123.0
2024-08-05 12:22:54,SOLUSDT,bid,85,61548.0
2024-08-05 12:23:02,SOLUSDT,bid,85,61559.0
2024-08-05 12:23:03,SOLUSDT,bid,85,61564.0
2024-08-05 12:23:17,SOLUSDT,bid,90,103096.0
2024-08-05 12:23:23,SOLUSDT,bid,90,103104.0
2024-08-05 12:23:49,SOLUSDT,bid,90,103103.0
2024-08-05 12:23:58,SOLUSDT,bid,85,61664.0
2024-08-05 12:23:58,SOLUSDT,bid,90,103130.0
2024-08-05 12:24:05,SOLUSDT,bid,90,103215.0
2024-08-05 12:24:05,SOLUSDT,bid,90,103165.0
2024-08-05 12:24:09,SOLUSDT,bid,90,103124.0
2024-08-05 12:24:28,SOLUSDT,bid,90,103097.0
2024-08-05 12:24:55,SOLUSDT,bid,90,103089.0
2024-08-05 12:25:14,SOLUSDT,bid,90,103084.0
2024-08-05 12:26:04,SOLUSDT,bid,90,103041.0
2024-08-05 12:26:35,SOLUSDT,bid,90,103082.0
2024-08-05 12:27:12,SOLUSDT,bid,90,103084.0
2024-08-05 12:27:16,SOLUSDT,bid,90,103043.0
2024-08-05 12:27:24,SOLUSDT,bid,90,103044.0
2024-08-05 12:27:26,SOLUSDT,bid,96,101216.0
2024-08-05 12:27:31,SOLUSDT,bid,85,61675.0
2024-08-05 12:27:37,SOLUSDT,bid,85,61680.0
2024-08-05 12:27:41,SOLUSDT,bid,85,61669.0
2024-08-05 12:27:57,SOLUSDT,bid,90,103045.0
2024-08-05 12:28:02,SOLUSDT,bid,85,61695.0
2024-08-05 12:28:18,SOLUSDT,bid,85,61694.0
2024-08-05 12:28:18,SOLUSDT,bid,96,101205.0
2024-08-05 12:29:08,SOLUSDT,bid,90,103087.0
2024-08-05 12:29:11,SOLUSDT,bid,90,103086.0
2024-08-05 12:29:17,SOLUSDT,bid,90,103136.0
2024-08-05 12:29:18,SOLUSDT,bid,85,61689.0
2024-08-05 12:29:38,SOLUSDT,bid,90,103161.0
2024-08-05 12:30:37,SOLUSDT,bid,90,103153.0
2024-08-05 12:30:42,SOLUSDT,bid,90,103233.0
2024-08-05 12:31:22,SOLUSDT,bid,90,103231.0
2024-08-05 12:31:47,SOLUSDT,bid,96,101227.0
2024-08-05 12:31:49,SOLUSDT,bid,90,103265.0
2024-08-05 12:32:12,SOLUSDT,bid,90,103253.0
2024-08-05 12:32:16,SOLUSDT,bid,90,103256.0
2024-08-05 12:32:20,SOLUSDT,bid,85,61688.0
2024-08-05 12:32:28,SOLUSDT,bid,90,103231.0
2024-08-05 12:32:41,SOLUSDT,bid,90,103197.0
2024-08-05 12:33:22,SOLUSDT,bid,85,61691.0
2024-08-05 12:33:25,SOLUSDT,bid,90,102716.0
2024-08-05 12:33:26,SOLUSDT,bid,90,102636.0
2024-08-05 12:33:29,SOLUSDT,bid,90,102638.0
2024-08-05 12:33:58,SOLUSDT,bid,90,102643.0
2024-08-05 12:34:14,SOLUSDT,bid,84,100359.0
2024-08-05 12:34:23,SOLUSDT,bid,90,102645.0
2024-08-05 12:34:46,SOLUSDT,bid,90,102725.0
2024-08-05 12:35:37,SOLUSDT,bid,90,102754.0
2024-08-05 12:35:45,SOLUSDT,bid,90,102757.0
2024-08-05 12:35:49,SOLUSDT,bid,90,102786.0
2024-08-05 12:37:01,SOLUSDT,bid,90,102736.0
2024-08-05 12:37:17,SOLUSDT,bid,85,61688.0
2024-08-05 12:39:42,SOLUSDT,bid,90,102733.0
2024-08-05 12:39:47,SOLUSDT,bid,96,101243.0
2024-08-05 12:40:29,SOLUSDT,bid,90,102736.0
2024-08-05 12:41:00,SOLUSDT,bid,90,102791.0
2024-08-05 12:41:02,SOLUSDT,bid,90,102790.0
2024-08-05 12:42:07,SOLUSDT,bid,85,61738.0
2024-08-05 12:42:19,SOLUSDT,bid,90,102705.0
2024-08-05 12:42:26,SOLUSDT,bid,85,61739.0
2024-08-05 12:42:29,SOLUSDT,bid,90,103021.0
2024-08-05 12:42:52,SOLUSDT,bid,85,61774.0
2024-08-05 12:43:23,SOLUSDT,bid,90,103158.0
2024-08-05 12:43:25,SOLUSDT,bid,85,61739.0
2024-08-05 12:43:48,SOLUSDT,bid,90,102842.0
2024-08-05 12:43:49,SOLUSDT,bid,90,102837.0
2024-08-05 12:43:59,SOLUSDT,bid,90,102866.0
2024-08-05 12:44:09,SOLUSDT,bid,90,102871.0
2024-08-05 12:44:50,SOLUSDT,bid,90,102882.0
2024-08-05 12:45:05,SOLUSDT,bid,90,102897.0
2024-08-05 12:45:28,SOLUSDT,bid,85,61821.0
2024-08-05 12:46:16,SOLUSDT,bid,90,102899.0
2024-08-05 12:46:20,SOLUSDT,bid,90,102890.0
2024-08-05 12:49:00,SOLUSDT,bid,90,102897.0
2024-08-05 12:50:02,SOLUSDT,bid,90,102895.0
2024-08-05 12:51:13,SOLUSDT,bid,96,101233.0
2024-08-05 12:51:41,SOLUSDT,bid,85,61838.0
2024-08-05 12:52:10,SOLUSDT,bid,90,103239.0
2024-08-05 12:52:13,SOLUSDT,bid,96,101273.0
2024-08-05 12:52:25,SOLUSDT,bid,90,104183.0
2024-08-05 12:52:47,SOLUSDT,bid,85,61852.0
2024-08-05 12:52:57,SOLUSDT,bid,90,104193.0
2024-08-05 12:54:02,SOLUSDT,bid,96,101288.0
2024-08-05 12:55:04,SOLUSDT,bid,90,104191.0
2024-08-05 12:55:55,SOLUSDT,bid,85,61792.0
2024-08-05 12:55:57,SOLUSDT,bid,90,104136.0
2024-08-05 12:56:29,SOLUSDT,bid,90,104146.0
2024-08-05 12:57:04,SOLUSDT,bid,90,104143.0
2024-08-05 12:57:18,SOLUSDT,bid,96,101252.0
2024-08-05 12:58:15,SOLUSDT,bid,85,61791.0
2024-08-05 12:58:28,SOLUSDT,bid,85,61926.0
2024-08-05 12:58:45,SOLUSDT,bid,90,104153.0
2024-08-05 12:59:25,SOLUSDT,bid,96,101345.0
2024-08-05 12:59:34,SOLUSDT,bid,96,101349.0
2024-08-05 12:59:40,SOLUSDT,bid,90,104245.0
2024-08-05 12:59:56,SOLUSDT,bid,85,61944.0
2024-08-05 12:59:59,SOLUSDT,bid,90,104249.0
2024-08-05 12:59:59,SOLUSDT,bid,85,61809.0
2024-08-05 13:00:03,SOLUSDT,bid,90,104259.0
2024-08-05 13:00:07,SOLUSDT,bid,96,101359.0
2024-08-05 13:00:11,SOLUSDT,bid,96,101708.0
2024-08-05 13:00:17,SOLUSDT,bid,85,61814.0
2024-08-05 13:00:20,SOLUSDT,bid,84,100364.0
2024-08-05 13:01:21,SOLUSDT,bid,85,61796.0
2024-08-05 13:01:26,SOLUSDT,bid,90,104340.0
2024-08-05 13:01:38,SOLUSDT,bid,90,104350.0
2024-08-05 13:01:56,SOLUSDT,bid,90,104347.0
2024-08-05 13:03:43,SOLUSDT,bid,96,101709.0
2024-08-05 13:03:48,SOLUSDT,bid,85,61811.0
2024-08-05 13:04:25,SOLUSDT,bid,85,61851.0
2024-08-05 13:04:37,SOLUSDT,bid,84,100414.0
2024-08-05 13:04:43,SOLUSDT,bid,90,104373.0
2024-08-05 13:04:44,SOLUSDT,bid,85,61811.0
2024-08-05 13:05:20,SOLUSDT,bid,85,61818.0
2024-08-05 13:05:25,SOLUSDT,bid,84,100364.0
2024-08-05 13:05:29,SOLUSDT,bid,85,61801.0
2024-08-05 13:06:04,SOLUSDT,bid,96,101669.0
2024-08-05 13:06:09,SOLUSDT,bid,90,104416.0
2024-08-05 13:06:21,SOLUSDT,bid,84,100375.0
2024-08-05 13:06:44,SOLUSDT,bid,84,100387.0
2024-08-05 13:06:47,SOLUSDT,bid,84,100423.0
2024-08-05 13:06:51,SOLUSDT,bid,84,100387.0
2024-08-05 13:07:29,SOLUSDT,bid,96,101673.0
2024-08-05 13:07:32,SOLUSDT,bid,90,104409.0
2024-08-05 13:07:40,SOLUSDT,bid,84,100350.0
2024-08-05 13:07:40,SOLUSDT,bid,90,104443.0
2024-08-05 13:07:56,SOLUSDT,bid,90,104498.0
2024-08-05 13:08:02,SOLUSDT,bid,96,101670.0
2024-08-05 13:08:49,SOLUSDT,bid,90,104497.0
2024-08-05 13:08:59,SOLUSDT,bid,96,101577.0
2024-08-05 13:09:14,SOLUSDT,bid,90,104499.0
2024-08-05 13:09:20,SOLUSDT,bid,85,61811.0
2024-08-05 13:09:24,SOLUSDT,bid,90,104506.0
2024-08-05 13:09:29,SOLUSDT,bid,90,104425.0
2024-08-05 13:09:58,SOLUSDT,bid,85,62711.0
2024-08-05 13:10:34,SOLUSDT,bid,85,61811.0
2024-08-05 13:10:55,SOLUSDT,bid,96,101579.0
2024-08-05 13:12:26,SOLUSDT,bid,90,104447.0
2024-08-05 13:12:46,SOLUSDT,bid,85,61812.0
2024-08-05 13:12:47,SOLUSDT,bid,96,101594.0
2024-08-05 13:13:44,SOLUSDT,bid,90,104501.0
2024-08-05 13:13:48,SOLUSDT,bid,90,104620.0
2024-08-05 13:14:21,SOLUSDT,bid,85,61881.0
2024-08-05 13:14:31,SOLUSDT,bid,85,61812.0
2024-08-05 13:14:31,SOLUSDT,bid,90,104566.0
2024-08-05 13:15:01,SOLUSDT,bid,85,61855.0
2024-08-05 13:15:15,SOLUSDT,bid,85,61859.0
2024-08-05 13:16:00,SOLUSDT,bid,90,104694.0
2024-08-05 13:16:11,SOLUSDT,bid,85,61917.0
2024-08-05 13:16:18,SOLUSDT,bid,90,104644.0
2024-08-05 13:16:24,SOLUSDT,bid,84,100488.0
2024-08-05 13:16:27,SOLUSDT,bid,96,101597.0
2024-08-05 13:17:39,SOLUSDT,bid,85,61918.0
2024-08-05 13:18:07,SOLUSDT,bid,90,104649.0
2024-08-05 13:18:18,SOLUSDT,bid,90,104655.0
2024-08-05 13:18:33,SOLUSDT,bid,90,104527.0
2024-08-05 13:18:41,SOLUSDT,bid,85,62418.0
2024-08-05 13:18:45,SOLUSDT,bid,90,104532.0
2024-08-05 13:19:00,SOLUSDT,bid,96,101599.0
2024-08-05 13:19:13,SOLUSDT,bid,90,104536.0
2024-08-05 13:19:21,SOLUSDT,bid,90,104436.0
2024-08-05 13:20:13,SOLUSDT,bid,90,104356.0
2024-08-05 13:20:14,SOLUSDT,bid,90,104355.0
2024-08-05 13:20:41,SOLUSDT,bid,85,62496.0
2024-08-05 13:20:45,SOLUSDT,bid,90,104455.0
2024-08-05 13:21:00,SOLUSDT,bid,90,104426.0
2024-08-05 13:21:08,SOLUSDT,bid,90,104434.0
2024-08-05 13:21:20,SOLUSDT,bid,90,104509.0
2024-08-05 13:21:37,SOLUSDT,bid,90,104359.0
2024-08-05 13:21:38,SOLUSDT,bid,90,104357.0
2024-08-05 13:21:57,SOLUSDT,bid,90,104358.0
2024-08-05 13:22:08,SOLUSDT,bid,96,101602.0
2024-08-05 13:22:30,SOLUSDT,bid,90,104348.0
2024-08-05 13:22:33,SOLUSDT,bid,90,104350.0
2024-08-05 13:22:58,SOLUSDT,bid,85,62476.0
2024-08-05 13:22:59,SOLUSDT,bid,96,101599.0
2024-08-05 13:23:03,SOLUSDT,bid,96,101598.0
2024-08-05 13:23:20,SOLUSDT,bid,96,101603.0
2024-08-05 13:23:32,SOLUSDT,bid,96,101588.0
2024-08-05 13:24:26,SOLUSDT,bid,90,104347.0
2024-08-05 13:24:27,SOLUSDT,ask,123,42432.0
2024-08-05 13:24:28,SOLUSDT,bid,85,62474.0
2024-08-05 13:24:30,SOLUSDT,bid,90,104346.0
2024-08-05 13:24:35,SOLUSDT,bid,85,62374.0
2024-08-05 13:24:47,SOLUSDT,bid,85,62574.0
2024-08-05 13:24:48,SOLUSDT,bid,90,104345.0
2024-08-05 13:24:52,SOLUSDT,ask,123,42139.0
2024-08-05 13:25:02,SOLUSDT,bid,90,104311.0
2024-08-05 13:25:03,SOLUSDT,ask,123,42039.0
2024-08-05 13:25:20,SOLUSDT,bid,90,104312.0
2024-08-05 13:25:23,SOLUSDT,bid,90,104270.0
2024-08-05 13:25:24,SOLUSDT,bid,85,62578.0
2024-08-05 13:25:33,SOLUSDT,bid,90,104273.0
2024-08-05 13:25:39,SOLUSDT,bid,90,104275.0
2024-08-05 13:25:43,SOLUSDT,bid,96,101583.0
2024-08-05 13:25:46,SOLUSDT,bid,90,104284.0
2024-08-05 13:25:57,SOLUSDT,bid,96,101577.0
2024-08-05 13:26:02,SOLUSDT,bid,90,104285.0
2024-08-05 13:26:03,SOLUSDT,bid,85,62573.0
2024-08-05 13:26:14,SOLUSDT,bid,85,62523.0
2024-08-05 13:26:14,SOLUSDT,bid,85,62525.0
2024-08-05 13:26:21,SOLUSDT,bid,96,101583.0
2024-08-05 13:26:25,SOLUSDT,bid,84,100490.0
2024-08-05 13:26:26,SOLUSDT,ask,123,41624.0
2024-08-05 13:26:29,SOLUSDT,bid,90,104242.0
2024-08-05 13:26:54,SOLUSDT,bid,84,100491.0
2024-08-05 13:27:00,SOLUSDT,bid,90,104243.0
2024-08-05 13:27:01,SOLUSDT,ask,123,41625.0
2024-08-05 13:27:13,SOLUSDT,bid,96,101601.0
2024-08-05 13:27:23,SOLUSDT,bid,90,104242.0
2024-08-05 13:27:26,SOLUSDT,bid,90,104192.0
2024-08-05 13:27:30,SOLUSDT,bid,90,104191.0
2024-08-05 13:27:42,SOLUSDT,bid,96,101586.0
2024-08-05 13:27:54,SOLUSDT,bid,90,104195.0
2024-08-05 13:28:02,SOLUSDT,bid,90,104191.0
2024-08-05 13:28:13,SOLUSDT,bid,90,104196.0
2024-08-05 13:28:29,SOLUSDT,bid,90,104263.0
2024-08-05 13:28:46,SOLUSDT,bid,90,104264.0
2024-08-05 13:28:48,SOLUSDT,bid,90,104266.0
2024-08-05 13:29:01,SOLUSDT,bid,96,101596.0
2024-08-05 13:29:13,SOLUSDT,bid,90,104264.0
2024-08-05 13:29:56,SOLUSDT,bid,90,104265.0
2024-08-05 13:30:04,SOLUSDT,bid,90,104266.0
2024-08-05 13:30:04,SOLUSDT,bid,96,101674.0
2024-08-05 13:30:18,SOLUSDT,bid,96,101677.0
2024-08-05 13:30:22,SOLUSDT,bid,90,104267.0
2024-08-05 13:30:25,SOLUSDT,bid,96,101698.0
2024-08-05 13:30:26,SOLUSDT,bid,90,104266.0
2024-08-05 13:30:38,SOLUSDT,bid,90,104269.0
2024-08-05 13:30:55,SOLUSDT,bid,90,104263.0
2024-08-05 13:31:03,SOLUSDT,bid,100,71619.0
2024-08-05 13:31:04,SOLUSDT,bid,100,71599.0
2024-08-05 13:31:04,SOLUSDT,bid,90,104357.0
2024-08-05 13:31:10,SOLUSDT,bid,100,71899.0
2024-08-05 13:31:17,SOLUSDT,bid,90,104358.0
2024-08-05 13:31:19,SOLUSDT,bid,100,71889.0
2024-08-05 13:31:23,SOLUSDT,bid,96,101699.0
2024-08-05 13:31:29,SOLUSDT,bid,100,71887.0
2024-08-05 13:31:39,SOLUSDT,bid,100,71896.0
2024-08-05 13:31:42,SOLUSDT,bid,100,71904.0
2024-08-05 13:31:46,SOLUSDT,bid,100,71902.0
2024-08-05 13:31:51,SOLUSDT,bid,100,71921.0
2024-08-05 13:32:00,SOLUSDT,bid,90,104368.0
2024-08-05 13:32:02,SOLUSDT,bid,100,71919.0
2024-08-05 13:32:12,SOLUSDT,bid,100,71915.0
2024-08-05 13:32:19,SOLUSDT,bid,100,71918.0
2024-08-05 13:32:22,SOLUSDT,bid,100,71938.0
2024-08-05 13:32:25,SOLUSDT,bid,90,104377.0
2024-08-05 13:32:27,SOLUSDT,bid,90,104477.0
2024-08-05 13:32:27,SOLUSDT,bid,100,71838.0
2024-08-05 13:32:30,SOLUSDT,bid,90,104378.0
2024-08-05 13:32:38,SOLUSDT,bid,100,71836.0
2024-08-05 13:32:40,SOLUSDT,bid,100,71834.0
2024-08-05 13:32:50,SOLUSDT,bid,100,71894.0
2024-08-05 13:32:53,SOLUSDT,bid,100,71898.0
2024-08-05 13:32:54,SOLUSDT,bid,90,104411.0
2024-08-05 13:32:54,SOLUSDT,bid,100,71868.0
2024-08-05 13:33:10,SOLUSDT,bid,100,71849.0
2024-08-05 13:33:12,SOLUSDT,bid,100,71851.0
2024-08-05 13:33:20,SOLUSDT,bid,84,100492.0
2024-08-05 13:33:20,SOLUSDT,bid,90,104410.0
2024-08-05 13:33:22,SOLUSDT,bid,100,71847.0
2024-08-05 13:33:38,SOLUSDT,bid,100,71842.0
2024-08-05 13:33:39,SOLUSDT,bid,100,71846.0
2024-08-05 13:33:42,SOLUSDT,bid,100,71796.0
2024-08-05 13:33:42,SOLUSDT,bid,90,104335.0
2024-08-05 13:33:50,SOLUSDT,bid,100,71816.0
2024-08-05 13:33:52,SOLUSDT,bid,100,71895.0
2024-08-05 13:33:54,SOLUSDT,bid,90,104357.0
2024-08-05 13:33:57,SOLUSDT,bid,100,71897.0
2024-08-05 13:34:02,SOLUSDT,bid,84,100491.0
2024-08-05 13:34:04,SOLUSDT,bid,100,71877.0
2024-08-05 13:34:24,SOLUSDT,bid,90,104356.0
2024-08-05 13:34:28,SOLUSDT,bid,90,104364.0
2024-08-05 13:34:29,SOLUSDT,bid,96,101701.0
2024-08-05 13:34:32,SOLUSDT,bid,90,104355.0
2024-08-05 13:34:43,SOLUSDT,bid,100,71875.0
2024-08-05 13:34:44,SOLUSDT,bid,100,71870.0
2024-08-05 13:34:45,SOLUSDT,bid,100,71820.0
2024-08-05 13:34:55,SOLUSDT,bid,100,71811.0
2024-08-05 13:34:57,SOLUSDT,bid,100,71812.0
2024-08-05 13:35:00,SOLUSDT,bid,100,71817.0
2024-08-05 13:35:05,SOLUSDT,bid,100,71819.0
2024-08-05 13:35:15,SOLUSDT,bid,90,104344.0
2024-08-05 13:35:16,SOLUSDT,bid,90,104347.0
2024-08-05 13:35:17,SOLUSDT,bid,100,71844.0
2024-08-05 13:35:18,SOLUSDT,bid,100,72344.0
2024-08-05 13:35:19,SOLUSDT,bid,100,72345.0
2024-08-05 13:35:22,SOLUSDT,bid,100,72347.0
2024-08-05 13:35:27,SOLUSDT,bid,100,72268.0
2024-08-05 13:35:29,SOLUSDT,bid,100,72261.0
2024-08-05 13:35:29,SOLUSDT,bid,96,101705.0
2024-08-05 13:35:33,SOLUSDT,bid,100,72243.0
2024-08-05 13:35:36,SOLUSDT,bid,100,72244.0
2024-08-05 13:35:45,SOLUSDT,bid,90,104353.0
2024-08-05 13:35:45,SOLUSDT,bid,90,109353.0
2024-08-05 13:35:45,SOLUSDT,bid,96,101759.0
2024-08-05 13:35:49,SOLUSDT,bid,90,109355.0
2024-08-05 13:35:51,SOLUSDT,bid,100,72254.0
2024-08-05 13:35:58,SOLUSDT,bid,100,72407.0
2024-08-05 13:36:08,SOLUSDT,bid,100,72408.0
2024-08-05 13:36:12,SOLUSDT,bid,100,72410.0
2024-08-05 13:36:20,SOLUSDT,bid,100,72413.0
2024-08-05 13:36:32,SOLUSDT,bid,100,72412.0
2024-08-05 13:36:44,SOLUSDT,bid,100,72407.0
2024-08-05 13:36:51,SOLUSDT,bid,100,72408.0
2024-08-05 13:37:04,SOLUSDT,bid,100,72418.0
2024-08-05 13:37:04,SOLUSDT,bid,100,72419.0
2024-08-05 13:37:10,SOLUSDT,bid,100,72498.0
2024-08-05 13:37:10,SOLUSDT,bid,90,109435.0
2024-08-05 13:37:17,SOLUSDT,bid,100,72563.0
2024-08-05 13:37:20,SOLUSDT,bid,100,72564.0
2024-08-05 13:37:21,SOLUSDT,bid,96,101705.0
2024-08-05 13:37:28,SOLUSDT,bid,100,72549.0
2024-08-05 13:37:29,SOLUSDT,bid,100,72548.0
2024-08-05 13:37:31,SOLUSDT,bid,100,72580.0
2024-08-05 13:37:33,SOLUSDT,bid,100,72579.0
2024-08-05 13:37:42,SOLUSDT,bid,100,72679.0
2024-08-05 13:37:50,SOLUSDT,bid,100,72682.0
2024-08-05 13:37:55,SOLUSDT,bid,100,72681.0
2024-08-05 13:37:55,SOLUSDT,bid,100,72683.0
2024-08-05 13:37:58,SOLUSDT,bid,100,72688.0
2024-08-05 13:37:58,SOLUSDT,bid,90,109445.0
2024-08-05 13:38:04,SOLUSDT,bid,100,72689.0
2024-08-05 13:38:09,SOLUSDT,bid,100,72709.0
2024-08-05 13:38:16,SOLUSDT,bid,90,109462.0
2024-08-05 13:38:17,SOLUSDT,bid,100,72712.0
2024-08-05 13:38:18,SOLUSDT,bid,100,72745.0
2024-08-05 13:38:29,SOLUSDT,bid,90,109463.0
2024-08-05 13:38:29,SOLUSDT,bid,100,72744.0
2024-08-05 13:38:30,SOLUSDT,bid,90,109467.0
2024-08-05 13:38:30,SOLUSDT,bid,96,101709.0
2024-08-05 13:38:30,SOLUSDT,bid,100,72747.0
2024-08-05 13:38:32,SOLUSDT,bid,100,72767.0
2024-08-05 13:38:33,SOLUSDT,bid,100,72766.0
2024-08-05 13:38:34,SOLUSDT,bid,100,72815.0
2024-08-05 13:38:37,SOLUSDT,bid,90,109468.0
2024-08-05 13:38:42,SOLUSDT,bid,90,109467.0
2024-08-05 13:38:44,SOLUSDT,bid,100,76767.0
2024-08-05 13:38:46,SOLUSDT,bid,100,76743.0
2024-08-05 13:39:04,SOLUSDT,bid,90,109567.0
2024-08-05 13:39:06,SOLUSDT,bid,100,76767.0
2024-08-05 13:39:15,SOLUSDT,bid,100,76768.0
2024-08-05 13:39:17,SOLUSDT,bid,100,72816.0
2024-08-05 13:39:20,SOLUSDT,bid,100,72812.0
2024-08-05 13:39:21,SOLUSDT,bid,100,72832.0
2024-08-05 13:39:22,SOLUSDT,bid,100,72812.0
2024-08-05 13:39:23,SOLUSDT,bid,100,72748.0
2024-08-05 13:39:23,SOLUSDT,bid,100,72750.0
2024-08-05 13:39:26,SOLUSDT,bid,100,72766.0
2024-08-05 13:39:37,SOLUSDT,bid,100,72769.0
2024-08-05 13:39:43,SOLUSDT,bid,100,72799.0
2024-08-05 13:39:49,SOLUSDT,bid,100,72797.0
2024-08-05 13:39:51,SOLUSDT,bid,100,72796.0
2024-08-05 13:39:53,SOLUSDT,bid,100,72798.0
2024-08-05 13:40:12,SOLUSDT,bid,100,72797.0
2024-08-05 13:40:12,SOLUSDT,bid,100,72773.0
2024-08-05 13:40:18,SOLUSDT,bid,100,72775.0
2024-08-05 13:40:19,SOLUSDT,bid,100,72774.0
2024-08-05 13:40:24,SOLUSDT,bid,100,72772.0
2024-08-05 13:40:26,SOLUSDT,bid,100,72792.0
2024-08-05 13:40:33,SOLUSDT,bid,100,72789.0
2024-08-05 13:40:36,SOLUSDT,bid,100,72875.0
2024-08-05 13:40:38,SOLUSDT,bid,100,72880.0
2024-08-05 13:40:40,SOLUSDT,bid,100,72879.0
2024-08-05 13:40:45,SOLUSDT,bid,100,73379.0
2024-08-05 13:40:46,SOLUSDT,bid,100,73384.0
2024-08-05 13:40:49,SOLUSDT,bid,100,73402.0
2024-08-05 13:40:50,SOLUSDT,bid,100,73449.0
2024-08-05 13:40:53,SOLUSDT,bid,100,73450.0
2024-08-05 13:40:53,SOLUSDT,bid,100,73451.0
2024-08-05 13:40:54,SOLUSDT,bid,90,109565.0
2024-08-05 13:40:56,SOLUSDT,bid,100,73411.0
2024-08-05 13:40:57,SOLUSDT,bid,100,73406.0
2024-08-05 13:41:01,SOLUSDT,bid,100,73408.0
2024-08-05 13:41:02,SOLUSDT,bid,100,73418.0
2024-08-05 13:41:03,SOLUSDT,bid,100,73419.0
2024-08-05 13:41:06,SOLUSDT,bid,90,109567.0
2024-08-05 13:41:07,SOLUSDT,bid,100,73415.0
2024-08-05 13:41:07,SOLUSDT,bid,100,73414.0
2024-08-05 13:41:10,SOLUSDT,bid,100,73499.0
2024-08-05 13:41:10,SOLUSDT,bid,100,73500.0
2024-08-05 13:41:11,SOLUSDT,bid,84,100515.0
2024-08-05 13:41:12,SOLUSDT,bid,100,73501.0
2024-08-05 13:41:12,SOLUSDT,bid,100,73502.0
2024-08-05 13:41:14,SOLUSDT,bid,100,73503.0
2024-08-05 13:41:15,SOLUSDT,bid,100,73505.0
2024-08-05 13:41:15,SOLUSDT,bid,90,109616.0
2024-08-05 13:41:15,SOLUSDT,bid,100,73495.0
2024-08-05 13:41:17,SOLUSDT,bid,100,73494.0
2024-08-05 13:41:20,SOLUSDT,bid,100,73492.0
2024-08-05 13:41:22,SOLUSDT,bid,100,73493.0
2024-08-05 13:41:24,SOLUSDT,bid,100,73490.0
2024-08-05 13:41:24,SOLUSDT,bid,100,73504.0
2024-08-05 13:41:27,SOLUSDT,bid,100,73505.0
2024-08-05 13:41:34,SOLUSDT,bid,100,73501.0
2024-08-05 13:41:35,SOLUSDT,bid,100,73301.0
2024-08-05 13:41:37,SOLUSDT,bid,90,109636.0
2024-08-05 13:41:41,SOLUSDT,bid,100,73302.0
2024-08-05 13:41:43,SOLUSDT,bid,100,73287.0
2024-08-05 13:41:46,SOLUSDT,bid,100,73286.0
2024-08-05 13:41:46,SOLUSDT,bid,100,73287.0
2024-08-05 13:41:47,SOLUSDT,bid,100,73262.0
2024-08-05 13:41:52,SOLUSDT,bid,90,109637.0
2024-08-05 13:41:55,SOLUSDT,bid,100,73265.0
2024-08-05 13:42:03,SOLUSDT,bid,100,73315.0
2024-08-05 13:42:07,SOLUSDT,bid,100,73316.0
2024-08-05 13:42:10,SOLUSDT,bid,90,109617.0
2024-08-05 13:42:11,SOLUSDT,bid,100,73317.0
2024-08-05 13:42:12,SOLUSDT,bid,96,101728.0
2024-08-05 13:42:12,SOLUSDT,bid,100,73293.0
2024-08-05 13:42:14,SOLUSDT,bid,100,73296.0
2024-08-05 13:42:19,SOLUSDT,bid,100,73297.0
2024-08-05 13:42:29,SOLUSDT,bid,100,73301.0
2024-08-05 13:42:31,SOLUSDT,bid,96,101828.0
2024-08-05 13:42:34,SOLUSDT,bid,90,109537.0
2024-08-05 13:42:37,SOLUSDT,bid,100,73306.0
2024-08-05 13:42:40,SOLUSDT,bid,100,73307.0
2024-08-05 13:42:41,SOLUSDT,bid,84,100574.0
2024-08-05 13:42:43,SOLUSDT,bid,100,73301.0
2024-08-05 13:42:44,SOLUSDT,bid,100,73801.0
2024-08-05 13:42:45,SOLUSDT,bid,100,73807.0
2024-08-05 13:42:46,SOLUSDT,bid,100,73808.0
2024-08-05 13:42:49,SOLUSDT,bid,90,109443.0
2024-08-05 13:42:52,SOLUSDT,bid,96,101479.0
2024-08-05 13:42:54,SOLUSDT,bid,100,73820.0
2024-08-05 13:42:57,SOLUSDT,bid,100,73850.0
2024-08-05 13:42:57,SOLUSDT,bid,100,73851.0
2024-08-05 13:42:59,SOLUSDT,bid,90,109892.0
2024-08-05 13:43:00,SOLUSDT,bid,100,73951.0
2024-08-05 13:43:00,SOLUSDT,bid,100,73921.0
2024-08-05 13:43:01,SOLUSDT,bid,100,73920.0
2024-08-05 13:43:02,SOLUSDT,bid,100,73950.0
2024-08-05 13:43:05,SOLUSDT,bid,90,109932.0
2024-08-05 13:43:06,SOLUSDT,bid,100,73949.0
2024-08-05 13:43:08,SOLUSDT,bid,100,73970.0
2024-08-05 13:43:09,SOLUSDT,bid,100,73980.0
2024-08-05 13:43:09,SOLUSDT,bid,100,73990.0
2024-08-05 13:43:10,SOLUSDT,bid,100,73992.0
2024-08-05 13:43:12,SOLUSDT,bid,100,73986.0
2024-08-05 13:43:16,SOLUSDT,bid,100,73906.0
2024-08-05 13:43:17,SOLUSDT,bid,100,73904.0
2024-08-05 13:43:17,SOLUSDT,bid,100,74904.0
2024-08-05 13:43:18,SOLUSDT,bid,100,74903.0
2024-08-05 13:43:21,SOLUSDT,bid,100,74878.0
2024-08-05 13:43:22,SOLUSDT,bid,90,109933.0
2024-08-05 13:43:24,SOLUSDT,bid,100,74879.0
2024-08-05 13:43:26,SOLUSDT,bid,100,74809.0
2024-08-05 13:43:29,SOLUSDT,bid,100,74831.0
2024-08-05 13:43:32,SOLUSDT,bid,100,74821.0
2024-08-05 13:43:32,SOLUSDT,bid,100,74828.0
2024-08-05 13:43:33,SOLUSDT,bid,100,74826.0
2024-08-05 13:43:46,SOLUSDT,bid,100,74793.0
2024-08-05 13:43:54,SOLUSDT,bid,100,74794.0
2024-08-05 13:43:56,SOLUSDT,bid,90,109932.0
2024-08-05 13:44:02,SOLUSDT,bid,100,74775.0
2024-08-05 13:44:21,SOLUSDT,bid,100,74776.0
2024-08-05 13:44:38,SOLUSDT,bid,100,74796.0
2024-08-05 13:44:38,SOLUSDT,bid,96,101476.0
2024-08-05 13:44:40,SOLUSDT,bid,100,74795.0
2024-08-05 13:44:41,SOLUSDT,bid,100,74796.0
2024-08-05 13:44:42,SOLUSDT,bid,100,74799.0
2024-08-05 13:44:43,SOLUSDT,bid,90,109915.0
2024-08-05 13:44:49,SOLUSDT,bid,100,74819.0
2024-08-05 13:44:51,SOLUSDT,bid,100,74820.0
2024-08-05 13:44:55,SOLUSDT,bid,84,100810.0
2024-08-05 13:44:58,SOLUSDT,bid,100,74822.0
2024-08-05 13:45:01,SOLUSDT,bid,100,74819.0
2024-08-05 13:45:03,SOLUSDT,bid,96,101596.0
2024-08-05 13:45:11,SOLUSDT,bid,90,109918.0
2024-08-05 13:45:14,SOLUSDT,bid,100,74818.0
2024-08-05 13:45:18,SOLUSDT,bid,90,109919.0
2024-08-05 13:45:18,SOLUSDT,bid,100,74819.0
2024-08-05 13:45:18,SOLUSDT,bid,100,74822.0
2024-08-05 13:45:18,SOLUSDT,bid,100,74823.0
2024-08-05 13:45:19,SOLUSDT,bid,100,74815.0
2024-08-05 13:45:21,SOLUSDT,bid,100,74816.0
2024-08-05 13:45:22,SOLUSDT,bid,90,109917.0
2024-08-05 13:45:22,SOLUSDT,bid,100,74786.0
2024-08-05 13:45:28,SOLUSDT,bid,100,74788.0
2024-08-05 13:45:29,SOLUSDT,bid,100,74288.0
2024-08-05 13:45:32,SOLUSDT,bid,100,74268.0
2024-08-05 13:45:34,SOLUSDT,bid,100,74258.0
2024-08-05 13:45:36,SOLUSDT,bid,100,74278.0
2024-08-05 13:45:38,SOLUSDT,bid,90,109922.0
2024-08-05 13:45:39,SOLUSDT,bid,100,74276.0
2024-08-05 13:45:39,SOLUSDT,bid,90,109920.0
2024-08-05 13:45:42,SOLUSDT,bid,100,74190.0
2024-08-05 13:45:43,SOLUSDT,bid,100,74187.0
2024-08-05 13:45:47,SOLUSDT,bid,100,74206.0
2024-08-05 13:45:54,SOLUSDT,bid,100,74256.0
2024-08-05 13:45:54,SOLUSDT,bid,100,74231.0
2024-08-05 13:45:54,SOLUSDT,bid,100,74230.0
2024-08-05 13:46:05,SOLUSDT,bid,100,74280.0
2024-08-05 13:46:07,SOLUSDT,bid,100,74287.0
2024-08-05 13:46:10,SOLUSDT,bid,100,74290.0
2024-08-05 13:46:11,SOLUSDT,bid,100,74260.0
2024-08-05 13:46:17,SOLUSDT,bid,100,74175.0
2024-08-05 13:46:17,SOLUSDT,bid,100,74168.0
2024-08-05 13:46:23,SOLUSDT,bid,90,110031.0
2024-08-05 13:46:25,SOLUSDT,bid,100,74166.0
2024-08-05 13:46:25,SOLUSDT,bid,100,74176.0
2024-08-05 13:46:27,SOLUSDT,bid,100,74776.0
2024-08-05 13:46:31,SOLUSDT,bid,100,74781.0
2024-08-05 13:46:33,SOLUSDT,bid,90,110033.0
2024-08-05 13:46:39,SOLUSDT,bid,100,74731.0
2024-08-05 13:46:41,SOLUSDT,bid,100,74736.0
2024-08-05 13:46:42,SOLUSDT,bid,100,74740.0
2024-08-05 13:46:44,SOLUSDT,bid,100,74735.0
2024-08-05 13:46:46,SOLUSDT,bid,90,110043.0
2024-08-05 13:46:51,SOLUSDT,bid,100,73735.0
2024-08-05 13:46:53,SOLUSDT,bid,100,73685.0
2024-08-05 13:46:56,SOLUSDT,bid,100,73684.0
2024-08-05 13:47:01,SOLUSDT,bid,90,110052.0
2024-08-05 13:47:04,SOLUSDT,bid,90,110077.0
2024-08-05 13:47:11,SOLUSDT,bid,100,73734.0
2024-08-05 13:47:11,SOLUSDT,bid,100,73784.0
2024-08-05 13:47:11,SOLUSDT,bid,100,73786.0
2024-08-05 13:47:12,SOLUSDT,bid,100,73787.0
2024-08-05 13:47:22,SOLUSDT,bid,100,73732.0
2024-08-05 13:47:23,SOLUSDT,bid,100,73731.0
2024-08-05 13:47:30,SOLUSDT,bid,100,73715.0
2024-08-05 13:47:41,SOLUSDT,bid,100,73711.0
2024-08-05 13:47:41,SOLUSDT,bid,90,110075.0
2024-08-05 13:47:50,SOLUSDT,bid,90,110071.0
2024-08-05 13:47:50,SOLUSDT,bid,96,101592.0
2024-08-05 13:47:50,SOLUSDT,bid,100,73708.0
2024-08-05 13:47:52,SOLUSDT,bid,100,73710.0
2024-08-05 13:47:58,SOLUSDT,bid,100,73719.0
2024-08-05 13:47:59,SOLUSDT,bid,100,73669.0
2024-08-05 13:48:14,SOLUSDT,bid,90,110070.0
2024-08-05 13:48:16,SOLUSDT,bid,100,73670.0
2024-08-05 13:48:17,SOLUSDT,bid,90,110077.0
2024-08-05 13:48:17,SOLUSDT,bid,90,110037.0
2024-08-05 13:48:27,SOLUSDT,bid,100,73720.0
2024-08-05 13:48:37,SOLUSDT,bid,90,110038.0
2024-08-05 13:48:47,SOLUSDT,bid,90,110188.0
2024-08-05 13:48:49,SOLUSDT,bid,100,73710.0
2024-08-05 13:48:51,SOLUSDT,bid,100,73723.0
2024-08-05 13:48:51,SOLUSDT,bid,100,73640.0
2024-08-05 13:48:53,SOLUSDT,bid,96,101612.0
2024-08-05 13:48:55,SOLUSDT,bid,100,73643.0
2024-08-05 13:48:57,SOLUSDT,bid,100,73642.0
2024-08-05 13:49:05,SOLUSDT,bid,90,110179.0
2024-08-05 13:49:06,SOLUSDT,bid,90,110180.0
2024-08-05 13:49:26,SOLUSDT,bid,96,101617.0
2024-08-05 13:49:29,SOLUSDT,bid,100,73644.0
2024-08-05 13:49:30,SOLUSDT,bid,100,73645.0
2024-08-05 13:49:31,SOLUSDT,bid,100,73643.0
2024-08-05 13:49:32,SOLUSDT,bid,100,73645.0
2024-08-05 13:49:37,SOLUSDT,bid,100,73647.0
2024-08-05 13:49:41,SOLUSDT,bid,100,73645.0
2024-08-05 13:50:04,SOLUSDT,bid,100,73646.0
2024-08-05 13:50:08,SOLUSDT,bid,90,110184.0
2024-08-05 13:50:13,SOLUSDT,bid,100,73682.0
2024-08-05 13:50:18,SOLUSDT,bid,100,73617.0
2024-08-05 13:50:24,SOLUSDT,bid,100,73661.0
2024-08-05 13:50:28,SOLUSDT,bid,100,73643.0
2024-08-05 13:50:29,SOLUSDT,bid,100,73543.0
2024-08-05 13:50:34,SOLUSDT,bid,100,73489.0
2024-08-05 13:50:35,SOLUSDT,bid,100,73490.0
2024-08-05 13:50:49,SOLUSDT,bid,100,73489.0
2024-08-05 13:50:58,SOLUSDT,bid,100,73488.0
2024-08-05 13:50:59,SOLUSDT,bid,100,73565.0
2024-08-05 13:51:05,SOLUSDT,bid,100,73587.0
2024-08-05 13:51:06,SOLUSDT,bid,100,73586.0
2024-08-05 13:51:18,SOLUSDT,bid,100,73589.0
2024-08-05 13:51:29,SOLUSDT,bid,100,73587.0
2024-08-05 13:51:41,SOLUSDT,bid,96,101639.0
2024-08-05 13:51:45,SOLUSDT,bid,100,73557.0
2024-08-05 13:51:46,SOLUSDT,bid,90,110162.0
2024-08-05 13:51:47,SOLUSDT,bid,90,110157.0
2024-08-05 13:51:47,SOLUSDT,bid,100,73548.0
2024-08-05 13:52:05,SOLUSDT,bid,100,73512.0
2024-08-05 13:52:06,SOLUSDT,bid,100,73513.0
2024-08-05 13:52:36,SOLUSDT,bid,100,73512.0
2024-08-05 13:52:40,SOLUSDT,bid,100,73540.0
2024-08-05 13:52:44,SOLUSDT,bid,100,73541.0
2024-08-05 13:52:55,SOLUSDT,bid,90,110158.0
2024-08-05 13:53:29,SOLUSDT,bid,96,101649.0
2024-08-05 13:53:32,SOLUSDT,bid,90,110175.0
2024-08-05 13:53:36,SOLUSDT,bid,96,101679.0
2024-08-05 13:53:37,SOLUSDT,bid,90,110177.0
2024-08-05 13:54:19,SOLUSDT,bid,90,110170.0
2024-08-05 13:55:30,SOLUSDT,bid,90,110144.0
2024-08-05 13:56:42,SOLUSDT,bid,90,110145.0
2024-08-05 13:56:42,SOLUSDT,bid,96,101680.0
2024-08-05 13:57:04,SOLUSDT,bid,90,110146.0
2024-08-05 13:57:08,SOLUSDT,bid,90,110136.0
2024-08-05 13:58:13,SOLUSDT,bid,96,101681.0
2024-08-05 13:58:24,SOLUSDT,bid,90,110147.0
2024-08-05 13:59:12,SOLUSDT,bid,90,110149.0
2024-08-05 13:59:49,SOLUSDT,bid,90,110154.0
2024-08-05 13:59:58,SOLUSDT,bid,90,110162.0
2024-08-05 14:00:32,SOLUSDT,bid,90,110187.0
2024-08-05 14:00:33,SOLUSDT,bid,90,110186.0
2024-08-05 14:00:33,SOLUSDT,bid,96,101680.0
2024-08-05 14:03:36,SOLUSDT,bid,90,110187.0
2024-08-05 14:03:55,SOLUSDT,bid,90,110189.0
2024-08-05 14:03:55,SOLUSDT,bid,96,101682.0
2024-08-05 14:04:07,SOLUSDT,bid,90,110190.0
2024-08-05 14:04:27,SOLUSDT,bid,96,101582.0
2024-08-05 14:04:50,SOLUSDT,ask,123,41735.0
2024-08-05 14:04:50,SOLUSDT,ask,123,41743.0
2024-08-05 14:05:03,SOLUSDT,ask,123,41827.0
2024-08-05 14:05:15,SOLUSDT,bid,84,100814.0
2024-08-05 14:05:23,SOLUSDT,bid,90,110188.0
2024-08-05 14:05:24,SOLUSDT,ask,123,41839.0
2024-08-05 14:05:24,SOLUSDT,ask,123,41840.0
2024-08-05 14:06:00,SOLUSDT,bid,84,102004.0
2024-08-05 14:06:27,SOLUSDT,bid,90,110205.0
2024-08-05 14:06:36,SOLUSDT,bid,84,101866.0
2024-08-05 14:06:38,SOLUSDT,bid,90,110211.0
2024-08-05 14:07:05,SOLUSDT,ask,123,41790.0
2024-08-05 14:07:12,SOLUSDT,ask,123,41789.0
2024-08-05 14:07:35,SOLUSDT,bid,90,110468.0
2024-08-05 14:07:39,SOLUSDT,ask,123,53058.0
2024-08-05 14:07:45,SOLUSDT,ask,123,53079.0
2024-08-05 14:07:46,SOLUSDT,bid,90,110477.0
2024-08-05 14:08:04,SOLUSDT,bid,90,110510.0
2024-08-05 14:08:11,SOLUSDT,bid,90,110253.0
2024-08-05 14:08:28,SOLUSDT,ask,123,53069.0
2024-08-05 14:08:34,SOLUSDT,bid,90,110263.0
2024-08-05 14:08:42,SOLUSDT,bid,90,110273.0
2024-08-05 14:09:01,SOLUSDT,ask,123,53049.0
2024-08-05 14:09:04,SOLUSDT,ask,123,53083.0
2024-08-05 14:09:32,SOLUSDT,ask,123,41740.0
2024-08-05 14:10:06,SOLUSDT,bid,90,110301.0
2024-08-05 14:10:35,SOLUSDT,bid,90,110309.0
2024-08-05 14:11:04,SOLUSDT,bid,90,110310.0
2024-08-05 14:11:15,SOLUSDT,bid,96,101562.0
