2024-08-07 08:13:01,ETHUSDT,bid,2350,7648.561
2024-08-07 08:13:24,ETHUSDT,bid,2350,7639.03
2024-08-07 08:14:24,ETHUSDT,bid,2350,7631.959
2024-08-07 08:15:30,ETHUSDT,bid,2350,7629.241
2024-08-07 08:16:32,ETHUSDT,bid,2360,7610.797
2024-08-07 08:17:32,ETHUSDT,bid,2380,7560.706
2024-08-07 08:18:19,ETHUSDT,bid,2360,7609.009
2024-08-07 08:19:44,ETHUSDT,bid,1680,6035.161
2024-08-07 08:19:44,ETHUSDT,bid,1960,5146.053
2024-08-07 08:20:22,ETHUSDT,bid,2370,7568.727
2024-08-07 08:21:18,ETHUSDT,bid,2370,7584.599
2024-08-07 08:21:25,ETHUSDT,bid,2280,4440.538
2024-08-07 08:22:17,ETHUSDT,bid,2370,7573.462
2024-08-07 08:22:27,ETHUSDT,bid,2230,4514.576
2024-08-07 08:23:15,ETHUSDT,bid,2370,7570.436
2024-08-07 08:24:15,ETHUSDT,bid,2370,7580.885
2024-08-07 08:27:13,ETHUSDT,bid,2370,7589.166
2024-08-07 08:28:12,ETHUSDT,bid,2370,7572.15
2024-08-07 08:30:11,ETHUSDT,bid,2370,7579.978
2024-08-07 08:30:34,ETHUSDT,ask,2460,4979.5
2024-08-07 08:31:11,ETHUSDT,bid,2370,7574.395
2024-08-07 08:31:47,ETHUSDT,bid,2440,4283.858
2024-08-07 08:31:56,ETHUSDT,bid,2440,4308.389
2024-08-07 08:31:57,ETHUSDT,bid,2440,4283.858
2024-08-07 08:32:10,ETHUSDT,bid,2370,7567.826
2024-08-07 08:33:09,ETHUSDT,bid,2370,7565.817
2024-08-07 08:33:21,ETHUSDT,bid,2370,7565.727
2024-08-07 08:33:47,ETHUSDT,ask,2730,3672.724
2024-08-07 08:34:09,ETHUSDT,bid,2380,7665.232
2024-08-07 08:34:27,ETHUSDT,bid,2270,4476.584
2024-08-07 08:35:00,ETHUSDT,bid,2380,7610.079
2024-08-07 08:35:00,ETHUSDT,bid,2380,7593.928
2024-08-07 08:35:00,ETHUSDT,bid,2380,7555.438
2024-08-07 08:35:08,ETHUSDT,bid,2370,7565.441
2024-08-07 08:35:10,ETHUSDT,bid,2270,4476.573
2024-08-07 08:36:08,ETHUSDT,bid,2370,7563.851
2024-08-07 08:36:16,ETHUSDT,bid,2270,4476.409
2024-08-07 08:37:07,ETHUSDT,bid,2380,7548.318
2024-08-07 08:38:07,ETHUSDT,bid,2380,7536.804
2024-08-07 08:38:58,ETHUSDT,ask,2710,3733.765
2024-08-07 08:39:06,ETHUSDT,bid,2380,7531.475
2024-08-07 08:39:26,ETHUSDT,ask,2710,3733.765
2024-08-07 08:39:28,ETHUSDT,ask,2710,3733.745
2024-08-07 08:40:05,ETHUSDT,bid,2390,7524.202
2024-08-07 08:41:04,ETHUSDT,bid,2390,7503.564
2024-08-07 08:42:04,ETHUSDT,bid,2400,7485.447
2024-08-07 08:44:03,ETHUSDT,bid,2390,7503.251
2024-08-07 08:44:03,ETHUSDT,bid,2390,7503.251
2024-08-07 08:44:03,ETHUSDT,bid,2390,7503.251
2024-08-07 08:45:02,ETHUSDT,bid,2400,7498.291
2024-08-07 08:45:02,ETHUSDT,bid,2400,7498.291
2024-08-07 08:45:02,ETHUSDT,bid,2400,7498.291
2024-08-07 08:45:13,ETHUSDT,ask,2710,3733.755
2024-08-07 08:45:13,ETHUSDT,ask,2710,3733.755
2024-08-07 08:45:13,ETHUSDT,ask,2710,3733.755
2024-08-07 08:46:02,ETHUSDT,bid,2400,7495.533
2024-08-07 08:46:02,ETHUSDT,bid,2400,7495.533
2024-08-07 08:46:02,ETHUSDT,bid,2400,7495.533
2024-08-07 08:47:01,ETHUSDT,bid,2400,7489.296
2024-08-07 08:47:01,ETHUSDT,bid,2400,7489.296
2024-08-07 08:47:01,ETHUSDT,bid,2400,7489.296
2024-08-07 08:47:17,ETHUSDT,bid,1940,5407.14
2024-08-07 08:47:17,ETHUSDT,bid,1940,5407.14
2024-08-07 08:47:17,ETHUSDT,bid,1940,5407.14
2024-08-07 08:48:00,ETHUSDT,bid,2400,7475.952
2024-08-07 08:48:00,ETHUSDT,bid,2400,7475.952
2024-08-07 08:48:00,ETHUSDT,bid,2400,7475.952
2024-08-07 08:48:28,ETHUSDT,bid,2230,4514.596
2024-08-07 08:48:28,ETHUSDT,bid,2230,4514.596
2024-08-07 08:48:28,ETHUSDT,bid,2230,4514.596
2024-08-07 08:48:32,ETHUSDT,bid,2230,4514.576
2024-08-07 08:48:32,ETHUSDT,bid,2230,4514.576
2024-08-07 08:48:32,ETHUSDT,bid,2230,4514.576
2024-08-07 08:49:00,ETHUSDT,bid,2400,7481.638
2024-08-07 08:49:00,ETHUSDT,bid,2400,7481.638
2024-08-07 08:49:00,ETHUSDT,bid,2400,7481.638
2024-08-07 08:49:14,ETHUSDT,ask,2680,3848.532
2024-08-07 08:49:14,ETHUSDT,ask,2680,3848.532
2024-08-07 08:49:14,ETHUSDT,ask,2680,3848.532
2024-08-07 08:49:59,ETHUSDT,bid,2410,7455.948
2024-08-07 08:49:59,ETHUSDT,ask,2730,3651.28
2024-08-07 08:49:59,ETHUSDT,bid,2410,7455.948
2024-08-07 08:49:59,ETHUSDT,ask,2730,3651.28
2024-08-07 08:49:59,ETHUSDT,bid,2410,7455.948
2024-08-07 08:49:59,ETHUSDT,ask,2730,3651.28
2024-08-07 08:50:09,ETHUSDT,bid,2470,4141.07
2024-08-07 08:50:09,ETHUSDT,bid,2470,4141.07
2024-08-07 08:50:09,ETHUSDT,bid,2470,4141.07
2024-08-07 08:50:14,ETHUSDT,bid,1950,5131.711
2024-08-07 08:50:14,ETHUSDT,bid,1950,5131.711
2024-08-07 08:50:14,ETHUSDT,bid,1950,5131.711
2024-08-07 08:50:20,ETHUSDT,bid,2480,8002.141
2024-08-07 08:50:20,ETHUSDT,bid,2480,8002.141
2024-08-07 08:50:20,ETHUSDT,bid,2480,8002.141
2024-08-07 08:50:22,ETHUSDT,bid,2480,8002.216
2024-08-07 08:50:22,ETHUSDT,bid,2480,8002.216
2024-08-07 08:50:22,ETHUSDT,bid,2480,8002.216
2024-08-07 08:50:23,ETHUSDT,bid,2480,8002.156
2024-08-07 08:50:23,ETHUSDT,bid,2480,8002.156
2024-08-07 08:50:23,ETHUSDT,bid,2480,8002.156
2024-08-07 08:50:25,ETHUSDT,bid,2480,8002.235
2024-08-07 08:50:25,ETHUSDT,bid,2480,8002.235
2024-08-07 08:50:25,ETHUSDT,bid,2480,8002.235
2024-08-07 08:50:25,ETHUSDT,bid,2480,8016.383
2024-08-07 08:50:25,ETHUSDT,bid,2480,8016.383
2024-08-07 08:50:25,ETHUSDT,bid,2480,8016.383
2024-08-07 08:50:28,ETHUSDT,bid,2480,8003.068
2024-08-07 08:50:28,ETHUSDT,bid,2480,8003.068
2024-08-07 08:50:29,ETHUSDT,bid,2480,8003.068
2024-08-07 08:50:31,ETHUSDT,bid,2480,8002.783
2024-08-07 08:50:31,ETHUSDT,bid,2480,8002.783
2024-08-07 08:50:31,ETHUSDT,bid,2480,8002.783
2024-08-07 08:50:33,ETHUSDT,bid,2480,8003.611
2024-08-07 08:50:33,ETHUSDT,bid,2480,8003.611
2024-08-07 08:50:33,ETHUSDT,bid,2480,8003.611
2024-08-07 08:50:34,ETHUSDT,bid,2410,7455.965
2024-08-07 08:50:34,ETHUSDT,bid,2410,7455.965
2024-08-07 08:50:34,ETHUSDT,bid,2410,7455.965
2024-08-07 08:50:38,ETHUSDT,bid,2480,8003.068
2024-08-07 08:50:38,ETHUSDT,bid,2480,8003.068
2024-08-07 08:50:38,ETHUSDT,bid,2480,8003.068
2024-08-07 08:50:44,ETHUSDT,bid,2410,7455.948
2024-08-07 08:50:44,ETHUSDT,bid,2410,7455.948
2024-08-07 08:50:44,ETHUSDT,bid,2410,7455.948
2024-08-07 08:50:59,ETHUSDT,bid,2410,7443.891
2024-08-07 08:50:59,ETHUSDT,bid,2410,7443.891
2024-08-07 08:50:59,ETHUSDT,bid,2410,7443.891
2024-08-07 08:51:58,ETHUSDT,ask,2680,3847.532
2024-08-07 08:51:58,ETHUSDT,ask,2680,3847.532
2024-08-07 08:51:58,ETHUSDT,bid,2410,7444.107
2024-08-07 08:51:58,ETHUSDT,bid,2410,7444.107
2024-08-07 08:51:58,ETHUSDT,ask,2680,3847.532
2024-08-07 08:51:58,ETHUSDT,bid,2410,7444.107
2024-08-07 08:52:57,ETHUSDT,bid,2410,7443.107
2024-08-07 08:52:57,ETHUSDT,bid,2410,7443.107
2024-08-07 08:52:58,ETHUSDT,bid,2410,7443.107
2024-08-07 08:53:57,ETHUSDT,bid,2420,7433.04
2024-08-07 08:53:57,ETHUSDT,bid,2420,7433.04
2024-08-07 08:53:57,ETHUSDT,bid,2420,7433.04
2024-08-07 08:54:56,ETHUSDT,bid,2410,7445.338
2024-08-07 08:54:56,ETHUSDT,bid,2410,7445.338
2024-08-07 08:54:57,ETHUSDT,bid,2410,7445.338
2024-08-07 08:55:04,ETHUSDT,ask,2680,3846.187
2024-08-07 08:55:04,ETHUSDT,ask,2680,3846.187
2024-08-07 08:55:04,ETHUSDT,ask,2680,3846.187
2024-08-07 08:55:56,ETHUSDT,bid,2410,7445.954
2024-08-07 08:55:56,ETHUSDT,bid,2410,7445.954
2024-08-07 08:55:56,ETHUSDT,bid,2410,7445.954
2024-08-07 08:56:55,ETHUSDT,bid,2420,7436.428
2024-08-07 08:56:55,ETHUSDT,bid,2420,7436.428
2024-08-07 08:56:55,ETHUSDT,bid,2420,7436.428
2024-08-07 08:57:55,ETHUSDT,bid,2420,7425.436
2024-08-07 08:57:55,ETHUSDT,bid,2420,7425.436
2024-08-07 08:57:55,ETHUSDT,bid,2420,7425.436
2024-08-07 08:58:54,ETHUSDT,bid,2420,7427.626
2024-08-07 08:58:54,ETHUSDT,bid,2420,7427.626
2024-08-07 08:58:54,ETHUSDT,bid,2420,7427.626
2024-08-07 08:59:54,ETHUSDT,bid,2420,7427.566
2024-08-07 08:59:54,ETHUSDT,bid,2420,7427.566
2024-08-07 08:59:54,ETHUSDT,bid,2420,7427.566
2024-08-07 09:00:53,ETHUSDT,bid,2420,7436.387
2024-08-07 09:00:53,ETHUSDT,bid,2420,7436.387
2024-08-07 09:00:53,ETHUSDT,bid,2420,7436.387
2024-08-07 09:01:15,ETHUSDT,bid,2270,4476.392
2024-08-07 09:01:15,ETHUSDT,bid,2270,4476.392
2024-08-07 09:01:15,ETHUSDT,bid,2270,4476.392
2024-08-07 09:01:52,ETHUSDT,bid,2410,7476.379
2024-08-07 09:01:52,ETHUSDT,bid,2410,7476.379
2024-08-07 09:01:52,ETHUSDT,bid,2410,7476.379
2024-08-07 09:02:04,ETHUSDT,bid,1680,6035.123
2024-08-07 09:02:04,ETHUSDT,bid,1700,6076.056
2024-08-07 09:02:04,ETHUSDT,bid,1710,5884.204
2024-08-07 09:02:04,ETHUSDT,bid,1960,5146.015
2024-08-07 09:02:04,ETHUSDT,bid,1680,6035.123
2024-08-07 09:02:04,ETHUSDT,bid,1700,6076.056
2024-08-07 09:02:04,ETHUSDT,bid,1710,5884.204
2024-08-07 09:02:04,ETHUSDT,bid,1960,5146.015
2024-08-07 09:02:04,ETHUSDT,bid,1680,6035.123
2024-08-07 09:02:04,ETHUSDT,bid,1700,6076.056
2024-08-07 09:02:04,ETHUSDT,bid,1710,5884.204
2024-08-07 09:02:04,ETHUSDT,bid,1960,5146.015
2024-08-07 09:02:51,ETHUSDT,bid,2410,7450.732
2024-08-07 09:02:51,ETHUSDT,bid,2410,7450.732
2024-08-07 09:02:51,ETHUSDT,bid,2410,7450.732
2024-08-07 09:03:51,ETHUSDT,bid,2410,7448.542
2024-08-07 09:03:51,ETHUSDT,bid,2410,7448.542
2024-08-07 09:03:51,ETHUSDT,bid,2410,7448.542
2024-08-07 09:04:05,ETHUSDT,ask,2680,3845.989
2024-08-07 09:04:05,ETHUSDT,ask,2710,3733.154
2024-08-07 09:04:05,ETHUSDT,ask,2730,3672.754
2024-08-07 09:04:05,ETHUSDT,ask,2680,3845.989
2024-08-07 09:04:05,ETHUSDT,ask,2710,3733.154
2024-08-07 09:04:05,ETHUSDT,ask,2730,3672.754
2024-08-07 09:04:05,ETHUSDT,ask,2680,3845.989
2024-08-07 09:04:05,ETHUSDT,ask,2710,3733.154
2024-08-07 09:04:05,ETHUSDT,ask,2730,3672.754
2024-08-07 09:04:19,ETHUSDT,ask,2730,3651.316
2024-08-07 09:04:19,ETHUSDT,ask,2730,3651.316
2024-08-07 09:04:19,ETHUSDT,ask,2730,3651.316
2024-08-07 09:04:28,ETHUSDT,ask,2730,3651.308
2024-08-07 09:04:28,ETHUSDT,ask,2730,3651.308
2024-08-07 09:04:28,ETHUSDT,ask,2730,3651.308
2024-08-07 09:04:28,ETHUSDT,ask,2730,3651.3
2024-08-07 09:04:28,ETHUSDT,ask,2730,3651.3
2024-08-07 09:04:28,ETHUSDT,ask,2730,3651.3
2024-08-07 09:06:09,ETHUSDT,bid,2480,4119.23
2024-08-07 09:06:09,ETHUSDT,bid,2480,4119.23
2024-08-07 09:06:09,ETHUSDT,bid,2480,4119.23
2024-08-07 09:06:17,ETHUSDT,bid,2480,4119.109
2024-08-07 09:06:17,ETHUSDT,bid,2480,4119.109
2024-08-07 09:06:17,ETHUSDT,bid,2480,4119.109
2024-08-07 09:06:18,ETHUSDT,bid,2480,4119.192
2024-08-07 09:06:18,ETHUSDT,bid,2480,4119.192
2024-08-07 09:06:18,ETHUSDT,bid,2480,4119.192
2024-08-07 09:06:20,ETHUSDT,bid,2480,4119.212
2024-08-07 09:06:20,ETHUSDT,bid,2480,4119.212
2024-08-07 09:06:20,ETHUSDT,bid,2480,4119.212
2024-08-07 09:06:24,ETHUSDT,bid,2480,4119.129
2024-08-07 09:06:24,ETHUSDT,bid,2480,4119.129
2024-08-07 09:06:24,ETHUSDT,bid,2480,4119.129
2024-08-07 09:06:36,ETHUSDT,bid,2480,4129.129
2024-08-07 09:06:36,ETHUSDT,bid,2480,4129.129
2024-08-07 09:06:36,ETHUSDT,bid,2480,4119.129
2024-08-07 09:06:36,ETHUSDT,bid,2480,4119.129
2024-08-07 09:06:36,ETHUSDT,bid,2480,4129.129
2024-08-07 09:06:36,ETHUSDT,bid,2480,4119.129
2024-08-07 09:06:42,ETHUSDT,bid,2480,4135.129
2024-08-07 09:06:42,ETHUSDT,bid,2480,4135.129
2024-08-07 09:06:42,ETHUSDT,bid,2480,4135.129
2024-08-07 09:06:44,ETHUSDT,bid,2480,4119.129
2024-08-07 09:06:44,ETHUSDT,bid,2480,4119.129
2024-08-07 09:06:44,ETHUSDT,bid,2480,4119.129
2024-08-07 09:06:49,ETHUSDT,bid,2410,7454.589
2024-08-07 09:06:49,ETHUSDT,bid,2410,7454.589
2024-08-07 09:06:49,ETHUSDT,bid,2410,7454.589
2024-08-07 09:06:52,ETHUSDT,ask,2730,3651.308
2024-08-07 09:06:52,ETHUSDT,ask,2730,3651.308
2024-08-07 09:06:52,ETHUSDT,ask,2730,3651.308
2024-08-07 09:06:58,ETHUSDT,ask,2730,3651.316
2024-08-07 09:06:58,ETHUSDT,ask,2730,3651.316
2024-08-07 09:06:59,ETHUSDT,ask,2730,3651.316
2024-08-07 09:06:59,ETHUSDT,bid,2480,4119.308
2024-08-07 09:06:59,ETHUSDT,bid,2480,4119.308
2024-08-07 09:06:59,ETHUSDT,bid,2480,4119.308
2024-08-07 09:07:00,ETHUSDT,bid,2480,4117.69
2024-08-07 09:07:00,ETHUSDT,bid,2480,4117.69
2024-08-07 09:07:01,ETHUSDT,bid,2480,4117.69
2024-08-07 09:07:01,ETHUSDT,ask,2730,3651.308
2024-08-07 09:07:01,ETHUSDT,ask,2730,3651.308
2024-08-07 09:07:01,ETHUSDT,ask,2730,3651.308
2024-08-07 09:07:02,ETHUSDT,ask,2730,3651.288
2024-08-07 09:07:02,ETHUSDT,ask,2730,3651.288
2024-08-07 09:07:02,ETHUSDT,ask,2730,3651.288
2024-08-07 09:07:04,ETHUSDT,bid,2480,4117.675
2024-08-07 09:07:04,ETHUSDT,bid,2480,4117.675
2024-08-07 09:07:04,ETHUSDT,bid,2480,4117.675
2024-08-07 09:07:07,ETHUSDT,bid,2480,4117.758
2024-08-07 09:07:07,ETHUSDT,bid,2480,4117.758
2024-08-07 09:07:07,ETHUSDT,bid,2480,4117.758
2024-08-07 09:07:08,ETHUSDT,bid,2480,4117.675
2024-08-07 09:07:08,ETHUSDT,bid,2480,4117.675
2024-08-07 09:07:08,ETHUSDT,bid,2480,4117.675
2024-08-07 09:07:17,ETHUSDT,bid,2480,4117.619
2024-08-07 09:07:17,ETHUSDT,bid,2480,4117.619
2024-08-07 09:07:18,ETHUSDT,bid,2480,4117.619
2024-08-07 09:07:25,ETHUSDT,bid,2480,4117.917
2024-08-07 09:07:25,ETHUSDT,bid,2480,4117.917
2024-08-07 09:07:25,ETHUSDT,bid,2480,4117.917
2024-08-07 09:07:31,ETHUSDT,bid,2480,4120.917
2024-08-07 09:07:31,ETHUSDT,bid,2480,4120.917
2024-08-07 09:07:31,ETHUSDT,bid,2480,4120.917
2024-08-07 09:07:36,ETHUSDT,bid,2480,4124.949
2024-08-07 09:07:36,ETHUSDT,bid,2480,4124.949
2024-08-07 09:07:36,ETHUSDT,bid,2480,4124.949
2024-08-07 09:07:48,ETHUSDT,bid,2420,7433.071
2024-08-07 09:07:48,ETHUSDT,bid,2420,7433.071
2024-08-07 09:07:49,ETHUSDT,bid,2420,7433.071
2024-08-07 09:07:51,ETHUSDT,bid,2480,4124.449
2024-08-07 09:07:51,ETHUSDT,bid,2480,4124.449
2024-08-07 09:07:51,ETHUSDT,bid,2480,4124.449
2024-08-07 09:08:15,ETHUSDT,bid,2480,4124.469
2024-08-07 09:08:15,ETHUSDT,bid,2480,4124.469
2024-08-07 09:08:15,ETHUSDT,bid,2480,4124.469
2024-08-07 09:08:28,ETHUSDT,bid,2270,4476.219
2024-08-07 09:08:28,ETHUSDT,bid,2270,4476.219
2024-08-07 09:08:28,ETHUSDT,bid,2270,4476.219
2024-08-07 09:08:33,ETHUSDT,bid,2480,4134.469
2024-08-07 09:08:33,ETHUSDT,bid,2480,4134.469
2024-08-07 09:08:33,ETHUSDT,bid,2480,4134.469
2024-08-07 09:08:48,ETHUSDT,bid,2420,7430.567
2024-08-07 09:08:48,ETHUSDT,bid,2420,7430.567
2024-08-07 09:08:48,ETHUSDT,bid,2420,7430.567
2024-08-07 09:08:59,ETHUSDT,bid,1680,6035.09
2024-08-07 09:08:59,ETHUSDT,bid,1700,6076.023
2024-08-07 09:08:59,ETHUSDT,bid,1960,5145.987
2024-08-07 09:08:59,ETHUSDT,bid,1680,6035.09
2024-08-07 09:08:59,ETHUSDT,bid,1700,6076.023
2024-08-07 09:08:59,ETHUSDT,bid,1960,5145.987
2024-08-07 09:08:59,ETHUSDT,bid,1680,6035.09
2024-08-07 09:08:59,ETHUSDT,bid,1700,6076.023
2024-08-07 09:08:59,ETHUSDT,bid,1960,5145.987
2024-08-07 09:09:47,ETHUSDT,bid,2420,7433.869
2024-08-07 09:09:47,ETHUSDT,bid,2420,7433.869
2024-08-07 09:09:47,ETHUSDT,bid,2420,7433.869
2024-08-07 09:10:03,ETHUSDT,bid,2420,7433.959
2024-08-07 09:10:03,ETHUSDT,bid,2420,7433.959
2024-08-07 09:10:03,ETHUSDT,bid,2420,7433.959
2024-08-07 09:10:04,ETHUSDT,ask,2680,3846.467
2024-08-07 09:10:04,ETHUSDT,ask,2680,3846.467
2024-08-07 09:10:04,ETHUSDT,ask,2680,3846.467
2024-08-07 09:10:15,ETHUSDT,bid,2420,7433.869
2024-08-07 09:10:15,ETHUSDT,bid,2420,7433.869
2024-08-07 09:10:15,ETHUSDT,bid,2420,7433.869
2024-08-07 09:10:47,ETHUSDT,bid,2410,7445.523
2024-08-07 09:10:47,ETHUSDT,bid,2410,7445.523
2024-08-07 09:10:47,ETHUSDT,bid,2410,7445.523
2024-08-07 09:11:26,ETHUSDT,ask,2500,10533.998
2024-08-07 09:11:26,ETHUSDT,ask,2500,10533.998
2024-08-07 09:11:26,ETHUSDT,ask,2500,10533.998
2024-08-07 09:11:29,ETHUSDT,ask,2500,10533.451
2024-08-07 09:11:29,ETHUSDT,ask,2500,10533.451
2024-08-07 09:11:29,ETHUSDT,ask,2500,10533.451
2024-08-07 09:11:29,ETHUSDT,ask,2500,10541.204
2024-08-07 09:11:29,ETHUSDT,ask,2500,10541.204
2024-08-07 09:11:29,ETHUSDT,ask,2500,10541.204
2024-08-07 09:11:42,ETHUSDT,ask,2500,10543.038
2024-08-07 09:11:42,ETHUSDT,ask,2500,10543.038
2024-08-07 09:11:42,ETHUSDT,ask,2500,10543.038
2024-08-07 09:11:45,ETHUSDT,ask,2500,10542.538
2024-08-07 09:11:45,ETHUSDT,ask,2500,10542.538
2024-08-07 09:11:45,ETHUSDT,ask,2500,10542.538
2024-08-07 09:11:46,ETHUSDT,bid,2410,7448.912
2024-08-07 09:11:46,ETHUSDT,bid,2410,7448.912
2024-08-07 09:11:46,ETHUSDT,bid,2410,7448.912
2024-08-07 09:11:52,ETHUSDT,ask,2500,10542.738
2024-08-07 09:11:52,ETHUSDT,ask,2500,10542.738
2024-08-07 09:11:52,ETHUSDT,ask,2500,10542.738
2024-08-07 09:12:03,ETHUSDT,ask,2500,10541.228
2024-08-07 09:12:03,ETHUSDT,ask,2500,10541.228
2024-08-07 09:12:03,ETHUSDT,ask,2500,10541.228
2024-08-07 09:12:45,ETHUSDT,bid,2410,7454.99
2024-08-07 09:12:45,ETHUSDT,bid,2410,7454.99
2024-08-07 09:12:45,ETHUSDT,bid,2410,7454.99
2024-08-07 09:13:45,ETHUSDT,bid,2410,7461.479
2024-08-07 09:13:45,ETHUSDT,bid,2410,7461.479
2024-08-07 09:13:45,ETHUSDT,bid,2410,7461.479
2024-08-07 09:13:50,ETHUSDT,ask,2730,3658.428
2024-08-07 09:13:50,ETHUSDT,ask,2730,3658.428
2024-08-07 09:13:50,ETHUSDT,ask,2730,3658.428
2024-08-07 09:13:53,ETHUSDT,ask,2730,3658.436
2024-08-07 09:13:53,ETHUSDT,ask,2730,3658.436
2024-08-07 09:13:53,ETHUSDT,ask,2730,3658.436
2024-08-07 09:13:59,ETHUSDT,ask,2730,3658.456
2024-08-07 09:13:59,ETHUSDT,ask,2730,3658.456
2024-08-07 09:13:59,ETHUSDT,ask,2730,3658.456
2024-08-07 09:13:59,ETHUSDT,ask,2730,3658.456
2024-08-07 09:13:59,ETHUSDT,ask,2730,3658.456
2024-08-07 09:13:59,ETHUSDT,ask,2730,3658.456
2024-08-07 09:14:01,ETHUSDT,ask,4000,2676.409
2024-08-07 09:14:01,ETHUSDT,ask,4000,2676.409
2024-08-07 09:14:01,ETHUSDT,ask,4000,2676.409
2024-08-07 09:14:02,ETHUSDT,ask,2730,3658.448
2024-08-07 09:14:02,ETHUSDT,ask,2730,3658.448
2024-08-07 09:14:02,ETHUSDT,ask,2730,3658.448
2024-08-07 09:14:08,ETHUSDT,ask,2730,3658.44
2024-08-07 09:14:08,ETHUSDT,ask,2730,3658.44
2024-08-07 09:14:08,ETHUSDT,ask,2730,3658.44
2024-08-07 09:14:29,ETHUSDT,ask,2730,3658.42
2024-08-07 09:14:29,ETHUSDT,ask,2730,3658.42
2024-08-07 09:14:29,ETHUSDT,ask,2730,3658.42
2024-08-07 09:14:44,ETHUSDT,bid,2410,7466.184
2024-08-07 09:14:44,ETHUSDT,bid,2410,7466.184
2024-08-07 09:14:44,ETHUSDT,bid,2410,7466.184
2024-08-07 09:14:47,ETHUSDT,ask,2730,3658.4
2024-08-07 09:14:47,ETHUSDT,ask,2730,3658.4
2024-08-07 09:14:47,ETHUSDT,ask,2730,3658.4
2024-08-07 09:14:58,ETHUSDT,ask,2730,3658.408
2024-08-07 09:14:58,ETHUSDT,ask,2730,3658.408
2024-08-07 09:14:58,ETHUSDT,ask,2730,3658.408
2024-08-07 09:15:00,ETHUSDT,bid,2480,4238.384
2024-08-07 09:15:00,ETHUSDT,bid,2480,4238.384
2024-08-07 09:15:00,ETHUSDT,bid,2480,4238.384
2024-08-07 09:15:01,ETHUSDT,bid,2480,4236.38
2024-08-07 09:15:01,ETHUSDT,bid,2480,4236.38
2024-08-07 09:15:01,ETHUSDT,bid,2480,4236.38
2024-08-07 09:15:02,ETHUSDT,bid,2480,4238.234
2024-08-07 09:15:02,ETHUSDT,bid,2480,4238.234
2024-08-07 09:15:02,ETHUSDT,bid,2480,4238.234
2024-08-07 09:15:03,ETHUSDT,bid,2480,4236.607
2024-08-07 09:15:03,ETHUSDT,bid,2480,4236.607
2024-08-07 09:15:03,ETHUSDT,bid,2480,4236.607
2024-08-07 09:15:05,ETHUSDT,bid,2480,4236.457
2024-08-07 09:15:05,ETHUSDT,bid,2480,4236.457
2024-08-07 09:15:05,ETHUSDT,bid,2480,4236.457
2024-08-07 09:15:07,ETHUSDT,ask,2730,3658.4
2024-08-07 09:15:07,ETHUSDT,ask,2730,3658.4
2024-08-07 09:15:07,ETHUSDT,ask,2730,3658.4
2024-08-07 09:15:09,ETHUSDT,bid,2480,4234.603
2024-08-07 09:15:09,ETHUSDT,bid,2480,4234.603
2024-08-07 09:15:09,ETHUSDT,bid,2480,4234.603
2024-08-07 09:15:15,ETHUSDT,bid,1710,5884.217
2024-08-07 09:15:15,ETHUSDT,bid,1710,5884.217
2024-08-07 09:15:15,ETHUSDT,bid,1710,5884.217
2024-08-07 09:15:19,ETHUSDT,bid,2480,4308.143
2024-08-07 09:15:19,ETHUSDT,bid,2480,4308.143
2024-08-07 09:15:19,ETHUSDT,bid,2480,4308.143
2024-08-07 09:15:19,ETHUSDT,bid,2480,4309.997
2024-08-07 09:15:19,ETHUSDT,bid,2480,4309.997
2024-08-07 09:15:19,ETHUSDT,bid,2480,4309.997
2024-08-07 09:15:19,ETHUSDT,bid,2480,4311.981
2024-08-07 09:15:19,ETHUSDT,bid,2480,4311.981
2024-08-07 09:15:19,ETHUSDT,bid,2480,4311.981
2024-08-07 09:15:44,ETHUSDT,bid,2400,7472.507
2024-08-07 09:15:44,ETHUSDT,bid,2400,7472.507
2024-08-07 09:15:44,ETHUSDT,bid,2400,7472.507
2024-08-07 09:16:06,ETHUSDT,ask,2730,3672.774
2024-08-07 09:16:06,ETHUSDT,ask,2730,3672.774
2024-08-07 09:16:06,ETHUSDT,ask,2730,3672.774
2024-08-07 09:16:25,ETHUSDT,ask,2730,3672.754
2024-08-07 09:16:25,ETHUSDT,ask,2730,3672.754
2024-08-07 09:16:25,ETHUSDT,ask,2730,3672.754
2024-08-07 09:16:43,ETHUSDT,bid,2400,7470.646
2024-08-07 09:16:43,ETHUSDT,bid,2400,7470.646
2024-08-07 09:16:43,ETHUSDT,bid,2400,7470.646
2024-08-07 09:17:42,ETHUSDT,bid,2410,7463.676
2024-08-07 09:17:42,ETHUSDT,bid,2410,7463.676
2024-08-07 09:17:42,ETHUSDT,bid,2410,7463.676
2024-08-07 09:18:17,ETHUSDT,ask,2730,3651.308
2024-08-07 09:18:17,ETHUSDT,ask,2730,3651.308
2024-08-07 09:18:18,ETHUSDT,ask,2730,3651.308
2024-08-07 09:18:42,ETHUSDT,bid,2410,7457.531
2024-08-07 09:18:42,ETHUSDT,bid,2410,7457.531
2024-08-07 09:18:42,ETHUSDT,bid,2410,7457.531
2024-08-07 09:19:06,ETHUSDT,ask,4000,2676.517
2024-08-07 09:19:06,ETHUSDT,ask,4000,2676.517
2024-08-07 09:19:06,ETHUSDT,ask,4000,2676.517
2024-08-07 09:19:41,ETHUSDT,bid,2410,7461.479
2024-08-07 09:19:41,ETHUSDT,bid,2410,7461.479
2024-08-07 09:19:41,ETHUSDT,bid,2410,7461.479
2024-08-07 09:20:15,ETHUSDT,ask,4000,2678.909
2024-08-07 09:20:15,ETHUSDT,ask,4000,2678.909
2024-08-07 09:20:15,ETHUSDT,ask,4000,2678.909
2024-08-07 09:20:24,ETHUSDT,ask,2730,3651.28
2024-08-07 09:20:24,ETHUSDT,ask,2730,3651.28
2024-08-07 09:20:24,ETHUSDT,ask,2730,3651.28
2024-08-07 09:20:40,ETHUSDT,bid,2410,7438.917
2024-08-07 09:20:40,ETHUSDT,bid,2410,7438.917
2024-08-07 09:20:41,ETHUSDT,bid,2410,7438.917
2024-08-07 09:20:44,ETHUSDT,bid,2410,7438.907
2024-08-07 09:20:44,ETHUSDT,bid,2410,7438.907
2024-08-07 09:20:44,ETHUSDT,bid,2410,7438.907
2024-08-07 09:21:40,ETHUSDT,bid,2420,7418.458
2024-08-07 09:21:40,ETHUSDT,bid,2420,7418.458
2024-08-07 09:21:40,ETHUSDT,bid,2420,7418.458
2024-08-07 09:22:39,ETHUSDT,bid,2420,7408.139
2024-08-07 09:22:39,ETHUSDT,bid,2420,7408.139
2024-08-07 09:22:39,ETHUSDT,bid,2420,7408.139
2024-08-07 09:23:28,ETHUSDT,ask,2730,3657.15
2024-08-07 09:23:28,ETHUSDT,ask,2730,3657.15
2024-08-07 09:23:28,ETHUSDT,ask,2730,3657.15
2024-08-07 09:23:28,ETHUSDT,bid,1710,5880.217
2024-08-07 09:23:28,ETHUSDT,bid,1710,5880.217
2024-08-07 09:23:28,ETHUSDT,bid,1710,5880.217
2024-08-07 09:23:39,ETHUSDT,bid,2420,7410.121
2024-08-07 09:23:39,ETHUSDT,bid,2420,7410.121
2024-08-07 09:23:39,ETHUSDT,bid,2420,7410.121
2024-08-07 09:24:38,ETHUSDT,bid,2420,7408.2
2024-08-07 09:24:38,ETHUSDT,bid,2420,7408.2
2024-08-07 09:24:38,ETHUSDT,bid,2420,7408.2
2024-08-07 09:24:52,ETHUSDT,ask,2680,3846.506
2024-08-07 09:24:52,ETHUSDT,ask,2680,3846.506
2024-08-07 09:24:53,ETHUSDT,ask,2680,3846.506
2024-08-07 09:24:56,ETHUSDT,bid,2280,4441.086
2024-08-07 09:24:56,ETHUSDT,bid,2280,4441.086
2024-08-07 09:24:56,ETHUSDT,bid,2280,4441.086
2024-08-07 09:25:00,ETHUSDT,bid,2290,4874.12
2024-08-07 09:25:00,ETHUSDT,bid,2290,4874.12
2024-08-07 09:25:00,ETHUSDT,bid,2290,4874.12
2024-08-07 09:25:07,ETHUSDT,bid,2280,4440.538
2024-08-07 09:25:07,ETHUSDT,bid,2280,4440.538
2024-08-07 09:25:07,ETHUSDT,bid,2280,4440.538
2024-08-07 09:25:37,ETHUSDT,bid,2440,7373.664
2024-08-07 09:25:37,ETHUSDT,bid,2440,7373.664
2024-08-07 09:25:37,ETHUSDT,bid,2440,7373.664
2024-08-07 09:26:36,ETHUSDT,bid,2440,7363.529
2024-08-07 09:26:36,ETHUSDT,bid,2440,7363.529
2024-08-07 09:26:36,ETHUSDT,bid,2440,7363.529
2024-08-07 09:27:36,ETHUSDT,bid,2440,7365.849
2024-08-07 09:27:36,ETHUSDT,bid,2440,7365.849
2024-08-07 09:27:36,ETHUSDT,bid,2440,7365.849
2024-08-07 09:28:32,ETHUSDT,bid,1960,5144.589
2024-08-07 09:28:32,ETHUSDT,bid,1960,5144.589
2024-08-07 09:28:32,ETHUSDT,bid,1960,5144.589
2024-08-07 09:28:35,ETHUSDT,bid,2440,7358.121
2024-08-07 09:28:35,ETHUSDT,bid,2440,7358.121
2024-08-07 09:28:35,ETHUSDT,bid,2440,7358.121
2024-08-07 09:29:34,ETHUSDT,bid,2430,7378.107
2024-08-07 09:29:34,ETHUSDT,bid,2430,7378.107
2024-08-07 09:29:35,ETHUSDT,bid,2430,7378.107
2024-08-07 09:30:34,ETHUSDT,bid,2440,7373.996
2024-08-07 09:30:34,ETHUSDT,bid,2440,7373.996
2024-08-07 09:30:34,ETHUSDT,bid,2440,7373.996
2024-08-07 09:31:33,ETHUSDT,bid,2440,7371.188
2024-08-07 09:31:33,ETHUSDT,bid,2440,7371.188
2024-08-07 09:31:33,ETHUSDT,bid,2440,7371.188
2024-08-07 09:32:32,ETHUSDT,bid,2440,7354.447
2024-08-07 09:32:32,ETHUSDT,bid,2440,7354.447
2024-08-07 09:32:33,ETHUSDT,bid,2440,7354.447
2024-08-07 09:33:32,ETHUSDT,bid,2440,7356.998
2024-08-07 09:33:32,ETHUSDT,bid,2440,7356.998
2024-08-07 09:33:32,ETHUSDT,bid,2440,7356.998
2024-08-07 09:33:40,ETHUSDT,ask,2530,4442.17
2024-08-07 09:33:40,ETHUSDT,ask,2530,4442.17
2024-08-07 09:33:40,ETHUSDT,ask,2530,4442.17
2024-08-07 09:33:47,ETHUSDT,ask,2530,4593.462
2024-08-07 09:33:47,ETHUSDT,ask,2530,4593.462
2024-08-07 09:33:47,ETHUSDT,ask,2530,4593.462
2024-08-07 09:33:55,ETHUSDT,ask,2530,5859.967
2024-08-07 09:33:55,ETHUSDT,ask,2530,5859.967
2024-08-07 09:33:55,ETHUSDT,ask,2530,5859.967
2024-08-07 09:33:56,ETHUSDT,ask,2530,4253.105
2024-08-07 09:33:56,ETHUSDT,ask,2530,4253.105
2024-08-07 09:33:56,ETHUSDT,ask,2530,4253.105
2024-08-07 09:33:56,ETHUSDT,ask,2530,6090.452
2024-08-07 09:33:56,ETHUSDT,ask,2530,6090.452
2024-08-07 09:33:56,ETHUSDT,ask,2530,6090.452
2024-08-07 09:33:57,ETHUSDT,ask,2530,4634.284
2024-08-07 09:33:57,ETHUSDT,ask,2530,4634.284
2024-08-07 09:33:57,ETHUSDT,ask,2530,4634.284
2024-08-07 09:33:57,ETHUSDT,ask,2530,4634.085
2024-08-07 09:33:57,ETHUSDT,ask,2530,4634.085
2024-08-07 09:33:57,ETHUSDT,ask,2530,4634.085
2024-08-07 09:33:58,ETHUSDT,ask,2530,5822.212
2024-08-07 09:33:58,ETHUSDT,ask,2530,5729.648
2024-08-07 09:33:58,ETHUSDT,ask,2530,5822.212
2024-08-07 09:33:58,ETHUSDT,ask,2530,5729.648
2024-08-07 09:33:58,ETHUSDT,ask,2530,5822.212
2024-08-07 09:33:58,ETHUSDT,ask,2530,5729.648
2024-08-07 09:33:58,ETHUSDT,ask,2530,5232.694
2024-08-07 09:33:58,ETHUSDT,ask,2530,5232.694
2024-08-07 09:33:58,ETHUSDT,ask,2530,5232.694
2024-08-07 09:33:59,ETHUSDT,ask,2530,4851.793
2024-08-07 09:33:59,ETHUSDT,ask,2530,6555.116
2024-08-07 09:33:59,ETHUSDT,ask,2530,4851.793
2024-08-07 09:33:59,ETHUSDT,ask,2530,6555.116
2024-08-07 09:33:59,ETHUSDT,ask,2530,4851.793
2024-08-07 09:33:59,ETHUSDT,ask,2530,6555.116
2024-08-07 09:33:59,ETHUSDT,ask,2530,4453.791
2024-08-07 09:33:59,ETHUSDT,ask,2530,6953.118
2024-08-07 09:33:59,ETHUSDT,ask,2530,4453.791
2024-08-07 09:33:59,ETHUSDT,ask,2530,6953.118
2024-08-07 09:33:59,ETHUSDT,ask,2530,3967.904
2024-08-07 09:33:59,ETHUSDT,ask,2530,7439.005
2024-08-07 09:33:59,ETHUSDT,ask,2530,3967.904
2024-08-07 09:33:59,ETHUSDT,ask,2530,7439.005
2024-08-07 09:33:59,ETHUSDT,ask,2530,4453.791
2024-08-07 09:33:59,ETHUSDT,ask,2530,6953.118
2024-08-07 09:33:59,ETHUSDT,ask,2530,3967.904
2024-08-07 09:33:59,ETHUSDT,ask,2530,7439.005
2024-08-07 09:34:01,ETHUSDT,ask,2530,8062.73
2024-08-07 09:34:01,ETHUSDT,ask,2530,8062.73
2024-08-07 09:34:01,ETHUSDT,ask,2530,8062.73
2024-08-07 09:34:01,ETHUSDT,ask,2530,8507.297
2024-08-07 09:34:01,ETHUSDT,ask,2530,8507.297
2024-08-07 09:34:01,ETHUSDT,ask,2530,8507.297
2024-08-07 09:34:05,ETHUSDT,ask,2530,5292.725
2024-08-07 09:34:05,ETHUSDT,ask,2530,5292.725
2024-08-07 09:34:06,ETHUSDT,ask,2530,5292.725
2024-08-07 09:34:06,ETHUSDT,ask,2530,5511.016
2024-08-07 09:34:06,ETHUSDT,ask,2530,5511.016
2024-08-07 09:34:06,ETHUSDT,ask,2530,5511.016
2024-08-07 09:34:06,ETHUSDT,ask,2520,6391.026
2024-08-07 09:34:06,ETHUSDT,ask,2520,6391.026
2024-08-07 09:34:06,ETHUSDT,ask,2520,6391.026
2024-08-07 09:34:06,ETHUSDT,ask,2520,7613.924
2024-08-07 09:34:06,ETHUSDT,ask,2520,7613.924
2024-08-07 09:34:06,ETHUSDT,ask,2520,7613.924
2024-08-07 09:34:09,ETHUSDT,ask,2520,5956.196
2024-08-07 09:34:09,ETHUSDT,ask,2520,5956.196
2024-08-07 09:34:09,ETHUSDT,ask,2520,5956.196
2024-08-07 09:34:10,ETHUSDT,ask,2520,6258.795
2024-08-07 09:34:10,ETHUSDT,ask,2520,6258.795
2024-08-07 09:34:10,ETHUSDT,ask,2520,6258.795
2024-08-07 09:34:10,ETHUSDT,ask,2530,4251.548
2024-08-07 09:34:10,ETHUSDT,ask,2530,4251.548
2024-08-07 09:34:10,ETHUSDT,ask,2530,4251.548
2024-08-07 09:34:13,ETHUSDT,ask,2530,4251.748
2024-08-07 09:34:13,ETHUSDT,ask,2530,4251.748
2024-08-07 09:34:14,ETHUSDT,ask,2530,4251.748
2024-08-07 09:34:14,ETHUSDT,ask,2530,4251.861
2024-08-07 09:34:14,ETHUSDT,ask,2530,4251.861
2024-08-07 09:34:14,ETHUSDT,ask,2530,4251.861
2024-08-07 09:34:20,ETHUSDT,ask,2520,6350.606
2024-08-07 09:34:20,ETHUSDT,ask,2520,6350.606
2024-08-07 09:34:20,ETHUSDT,ask,2520,6350.606
2024-08-07 09:34:22,ETHUSDT,ask,2530,4252.538
2024-08-07 09:34:22,ETHUSDT,ask,2530,4252.538
2024-08-07 09:34:22,ETHUSDT,ask,2530,4252.538
2024-08-07 09:34:23,ETHUSDT,ask,2530,4251.669
2024-08-07 09:34:23,ETHUSDT,ask,2530,4251.669
2024-08-07 09:34:23,ETHUSDT,ask,2530,4251.669
2024-08-07 09:34:25,ETHUSDT,ask,2520,5989.938
2024-08-07 09:34:25,ETHUSDT,ask,2520,5989.938
2024-08-07 09:34:25,ETHUSDT,ask,2520,5989.938
2024-08-07 09:34:27,ETHUSDT,ask,2530,4250.484
2024-08-07 09:34:27,ETHUSDT,ask,2530,4250.484
2024-08-07 09:34:27,ETHUSDT,ask,2530,4250.484
2024-08-07 09:34:31,ETHUSDT,bid,2440,7375.084
2024-08-07 09:34:31,ETHUSDT,bid,2440,7375.084
2024-08-07 09:34:31,ETHUSDT,bid,2440,7375.084
2024-08-07 09:34:39,ETHUSDT,ask,2520,7511.17
2024-08-07 09:34:39,ETHUSDT,ask,2530,4249.414
2024-08-07 09:34:39,ETHUSDT,ask,2520,7511.17
2024-08-07 09:34:39,ETHUSDT,ask,2530,4249.414
2024-08-07 09:34:39,ETHUSDT,ask,2520,7511.17
2024-08-07 09:34:39,ETHUSDT,ask,2530,4249.414
2024-08-07 09:34:39,ETHUSDT,ask,2520,7697.277
2024-08-07 09:34:39,ETHUSDT,ask,2520,7697.277
2024-08-07 09:34:39,ETHUSDT,ask,2520,7697.277
2024-08-07 09:34:40,ETHUSDT,ask,2530,4249.204
2024-08-07 09:34:40,ETHUSDT,ask,2530,4249.204
2024-08-07 09:34:40,ETHUSDT,ask,2530,4249.204
2024-08-07 09:34:41,ETHUSDT,ask,2520,7867.141
2024-08-07 09:34:41,ETHUSDT,ask,2520,7867.141
2024-08-07 09:34:41,ETHUSDT,ask,2520,7867.141
2024-08-07 09:34:43,ETHUSDT,ask,2730,3674.605
2024-08-07 09:34:43,ETHUSDT,ask,2730,3674.605
2024-08-07 09:34:43,ETHUSDT,ask,2730,3674.605
2024-08-07 09:34:48,ETHUSDT,ask,2520,7874.809
2024-08-07 09:34:48,ETHUSDT,ask,2520,7874.809
2024-08-07 09:34:48,ETHUSDT,ask,2520,7874.809
2024-08-07 09:34:51,ETHUSDT,ask,2520,7875.023
2024-08-07 09:34:51,ETHUSDT,ask,2520,7875.023
2024-08-07 09:34:51,ETHUSDT,ask,2520,7875.023
2024-08-07 09:34:53,ETHUSDT,ask,2520,7874.809
2024-08-07 09:34:53,ETHUSDT,ask,2520,7874.809
2024-08-07 09:34:53,ETHUSDT,ask,2520,7874.809
2024-08-07 09:34:54,ETHUSDT,ask,2520,6681.08
2024-08-07 09:34:54,ETHUSDT,ask,2520,6681.08
2024-08-07 09:34:54,ETHUSDT,ask,2520,6681.08
2024-08-07 09:34:54,ETHUSDT,ask,2520,6916.76
2024-08-07 09:34:54,ETHUSDT,ask,2520,6916.76
2024-08-07 09:34:54,ETHUSDT,ask,2520,6916.76
2024-08-07 09:34:57,ETHUSDT,ask,2520,6916.974
2024-08-07 09:34:57,ETHUSDT,ask,2520,6916.974
2024-08-07 09:34:57,ETHUSDT,ask,2520,6916.974
2024-08-07 09:34:58,ETHUSDT,ask,2520,7226.664
2024-08-07 09:34:58,ETHUSDT,ask,2520,7226.664
2024-08-07 09:34:58,ETHUSDT,ask,2520,7226.664
2024-08-07 09:35:00,ETHUSDT,ask,2520,7226.45
2024-08-07 09:35:00,ETHUSDT,ask,2520,7226.45
2024-08-07 09:35:00,ETHUSDT,ask,2520,7226.45
2024-08-07 09:35:01,ETHUSDT,ask,2520,7515.555
2024-08-07 09:35:01,ETHUSDT,ask,2520,7515.555
2024-08-07 09:35:01,ETHUSDT,ask,2520,7515.555
2024-08-07 09:35:10,ETHUSDT,ask,2520,8281.568
2024-08-07 09:35:10,ETHUSDT,ask,2520,8281.568
2024-08-07 09:35:10,ETHUSDT,ask,2520,8281.568
2024-08-07 09:35:12,ETHUSDT,ask,2520,8281.688
2024-08-07 09:35:12,ETHUSDT,ask,2520,8281.688
2024-08-07 09:35:12,ETHUSDT,ask,2520,8281.688
2024-08-07 09:35:13,ETHUSDT,ask,2520,8271.9
2024-08-07 09:35:13,ETHUSDT,ask,2520,4005.679
2024-08-07 09:35:13,ETHUSDT,ask,2520,8271.9
2024-08-07 09:35:13,ETHUSDT,ask,2520,4005.679
2024-08-07 09:35:13,ETHUSDT,ask,2520,8271.9
2024-08-07 09:35:13,ETHUSDT,ask,2520,4005.679
2024-08-07 09:35:15,ETHUSDT,ask,2520,8271.688
2024-08-07 09:35:15,ETHUSDT,ask,2520,8271.688
2024-08-07 09:35:15,ETHUSDT,ask,2520,8271.688
2024-08-07 09:35:21,ETHUSDT,ask,2520,7736.54
2024-08-07 09:35:21,ETHUSDT,ask,2520,4961.279
2024-08-07 09:35:21,ETHUSDT,ask,2520,7736.54
2024-08-07 09:35:21,ETHUSDT,ask,2520,4961.279
2024-08-07 09:35:21,ETHUSDT,ask,2520,7736.54
2024-08-07 09:35:21,ETHUSDT,ask,2520,4961.279
2024-08-07 09:35:21,ETHUSDT,ask,2520,7736.54
2024-08-07 09:35:21,ETHUSDT,ask,2520,7736.54
2024-08-07 09:35:22,ETHUSDT,ask,2520,7736.54
2024-08-07 09:35:22,ETHUSDT,ask,2520,7736.54
2024-08-07 09:35:22,ETHUSDT,ask,2520,7736.54
2024-08-07 09:35:22,ETHUSDT,ask,2520,7736.54
2024-08-07 09:35:26,ETHUSDT,ask,2510,4287.974
2024-08-07 09:35:26,ETHUSDT,ask,2510,4287.974
2024-08-07 09:35:26,ETHUSDT,ask,2510,4287.974
2024-08-07 09:35:26,ETHUSDT,ask,2510,4287.754
2024-08-07 09:35:26,ETHUSDT,ask,2510,4287.754
2024-08-07 09:35:26,ETHUSDT,ask,2510,4287.754
2024-08-07 09:35:29,ETHUSDT,ask,2510,4689.56
2024-08-07 09:35:29,ETHUSDT,ask,2510,4689.56
2024-08-07 09:35:29,ETHUSDT,ask,2510,4689.56
2024-08-07 09:35:30,ETHUSDT,bid,2430,7390.75
2024-08-07 09:35:30,ETHUSDT,bid,2430,7390.75
2024-08-07 09:35:30,ETHUSDT,bid,2430,7390.75
2024-08-07 09:35:32,ETHUSDT,ask,2510,4689.56
2024-08-07 09:35:32,ETHUSDT,ask,2510,4689.56
2024-08-07 09:35:32,ETHUSDT,ask,2510,4689.56
2024-08-07 09:36:21,ETHUSDT,bid,2490,4780.438
2024-08-07 09:36:21,ETHUSDT,bid,2490,4780.438
2024-08-07 09:36:21,ETHUSDT,bid,2490,5554.501
2024-08-07 09:36:21,ETHUSDT,bid,2490,5554.501
2024-08-07 09:36:21,ETHUSDT,bid,2490,4780.438
2024-08-07 09:36:21,ETHUSDT,bid,2490,5554.501
2024-08-07 09:36:22,ETHUSDT,bid,2490,5554.303
2024-08-07 09:36:22,ETHUSDT,bid,2490,5554.303
2024-08-07 09:36:22,ETHUSDT,bid,2490,5554.303
2024-08-07 09:36:23,ETHUSDT,bid,2490,6026.517
2024-08-07 09:36:23,ETHUSDT,bid,2490,6026.517
2024-08-07 09:36:23,ETHUSDT,bid,2490,6026.517
2024-08-07 09:36:25,ETHUSDT,bid,2490,6043.912
2024-08-07 09:36:25,ETHUSDT,bid,2490,6043.912
2024-08-07 09:36:25,ETHUSDT,bid,2490,6043.912
2024-08-07 09:36:26,ETHUSDT,bid,2490,6026.517
2024-08-07 09:36:26,ETHUSDT,bid,2490,6026.517
2024-08-07 09:36:26,ETHUSDT,bid,2490,6026.517
2024-08-07 09:36:30,ETHUSDT,bid,2430,7401.072
2024-08-07 09:36:30,ETHUSDT,bid,2430,7401.072
2024-08-07 09:36:30,ETHUSDT,bid,2430,7401.072
2024-08-07 09:36:30,ETHUSDT,bid,2490,6361.649
2024-08-07 09:36:30,ETHUSDT,bid,2490,6361.649
2024-08-07 09:36:30,ETHUSDT,bid,2490,6361.649
2024-08-07 09:36:33,ETHUSDT,bid,2490,6361.85
2024-08-07 09:36:33,ETHUSDT,bid,2490,6361.85
2024-08-07 09:36:33,ETHUSDT,bid,2490,6361.85
2024-08-07 09:36:35,ETHUSDT,bid,2490,6361.649
2024-08-07 09:36:35,ETHUSDT,bid,2490,6361.649
2024-08-07 09:36:35,ETHUSDT,bid,2490,6361.649
2024-08-07 09:36:40,ETHUSDT,bid,2490,4037.154
2024-08-07 09:36:40,ETHUSDT,bid,2490,4037.154
2024-08-07 09:36:40,ETHUSDT,bid,2490,4037.154
2024-08-07 09:36:41,ETHUSDT,bid,2490,4405.544
2024-08-07 09:36:41,ETHUSDT,bid,2490,4405.544
2024-08-07 09:36:41,ETHUSDT,bid,2490,4405.544
2024-08-07 09:36:46,ETHUSDT,bid,2490,4690.225
2024-08-07 09:36:46,ETHUSDT,bid,2490,4690.225
2024-08-07 09:36:46,ETHUSDT,bid,2490,4690.225
2024-08-07 09:36:46,ETHUSDT,bid,2490,6916.347
2024-08-07 09:36:46,ETHUSDT,bid,2490,4135.527
2024-08-07 09:36:46,ETHUSDT,bid,2490,6916.347
2024-08-07 09:36:46,ETHUSDT,bid,2490,4135.527
2024-08-07 09:36:46,ETHUSDT,bid,2490,6916.347
2024-08-07 09:36:46,ETHUSDT,bid,2490,4135.527
2024-08-07 09:36:46,ETHUSDT,bid,2490,7923.55
2024-08-07 09:36:46,ETHUSDT,bid,2490,7923.55
2024-08-07 09:36:46,ETHUSDT,bid,2490,7923.55
2024-08-07 09:36:46,ETHUSDT,bid,2490,10547.943
2024-08-07 09:36:46,ETHUSDT,bid,2490,10547.943
2024-08-07 09:36:47,ETHUSDT,bid,2490,10547.943
2024-08-07 09:36:50,ETHUSDT,bid,2290,4874.163
2024-08-07 09:36:50,ETHUSDT,bid,2290,4874.163
2024-08-07 09:36:50,ETHUSDT,bid,2290,4874.163
2024-08-07 09:36:53,ETHUSDT,bid,2490,10548.553
2024-08-07 09:36:53,ETHUSDT,bid,2490,10548.553
2024-08-07 09:36:53,ETHUSDT,bid,2490,10548.553
2024-08-07 09:36:54,ETHUSDT,bid,2490,8488.902
2024-08-07 09:36:54,ETHUSDT,bid,2490,8488.902
2024-08-07 09:36:55,ETHUSDT,bid,2490,10528.659
2024-08-07 09:36:55,ETHUSDT,bid,2490,10528.659
2024-08-07 09:36:55,ETHUSDT,bid,2490,8488.902
2024-08-07 09:36:55,ETHUSDT,bid,2490,10528.659
2024-08-07 09:36:55,ETHUSDT,bid,2490,11418.489
2024-08-07 09:36:55,ETHUSDT,bid,2490,11418.489
2024-08-07 09:36:55,ETHUSDT,bid,2490,11418.489
2024-08-07 09:36:55,ETHUSDT,bid,2490,11418.691
2024-08-07 09:36:55,ETHUSDT,bid,2490,11418.691
2024-08-07 09:36:55,ETHUSDT,bid,2490,11418.691
2024-08-07 09:36:56,ETHUSDT,bid,2490,11574.508
2024-08-07 09:36:56,ETHUSDT,bid,2490,11574.508
2024-08-07 09:36:56,ETHUSDT,bid,2490,11574.508
2024-08-07 09:36:57,ETHUSDT,bid,2490,11574.306
2024-08-07 09:36:57,ETHUSDT,bid,2490,11574.306
2024-08-07 09:36:57,ETHUSDT,bid,2490,11574.306
2024-08-07 09:36:59,ETHUSDT,bid,2490,11574.705
2024-08-07 09:36:59,ETHUSDT,bid,2490,11574.705
2024-08-07 09:36:59,ETHUSDT,bid,2490,11574.705
2024-08-07 09:36:59,ETHUSDT,bid,2490,11574.306
2024-08-07 09:36:59,ETHUSDT,bid,2490,11574.306
2024-08-07 09:36:59,ETHUSDT,bid,2490,11574.306
2024-08-07 09:36:59,ETHUSDT,bid,2490,11574.514
2024-08-07 09:36:59,ETHUSDT,bid,2490,11574.514
2024-08-07 09:37:00,ETHUSDT,bid,2490,11574.514
2024-08-07 09:37:02,ETHUSDT,bid,2490,11574.315
2024-08-07 09:37:02,ETHUSDT,bid,2490,11574.315
2024-08-07 09:37:02,ETHUSDT,bid,2490,11574.315
2024-08-07 09:37:02,ETHUSDT,bid,2490,11758.293
2024-08-07 09:37:02,ETHUSDT,bid,2490,11758.293
2024-08-07 09:37:02,ETHUSDT,bid,2490,11758.293
2024-08-07 09:37:03,ETHUSDT,bid,2490,9698.642
2024-08-07 09:37:03,ETHUSDT,bid,2490,9698.642
2024-08-07 09:37:03,ETHUSDT,bid,2490,9698.642
2024-08-07 09:37:03,ETHUSDT,bid,2490,11084.419
2024-08-07 09:37:03,ETHUSDT,bid,2490,11084.419
2024-08-07 09:37:03,ETHUSDT,bid,2490,11084.419
2024-08-07 09:37:03,ETHUSDT,bid,2490,11974.249
2024-08-07 09:37:03,ETHUSDT,bid,2490,11974.249
2024-08-07 09:37:04,ETHUSDT,bid,2490,11974.249
2024-08-07 09:37:04,ETHUSDT,bid,2490,12272.607
2024-08-07 09:37:04,ETHUSDT,bid,2490,12272.607
2024-08-07 09:37:04,ETHUSDT,bid,2490,12282.186
2024-08-07 09:37:04,ETHUSDT,bid,2490,12282.186
2024-08-07 09:37:04,ETHUSDT,bid,2490,12272.607
2024-08-07 09:37:04,ETHUSDT,bid,2490,12282.186
2024-08-07 09:37:07,ETHUSDT,bid,2490,12272.607
2024-08-07 09:37:07,ETHUSDT,bid,2490,12272.607
2024-08-07 09:37:07,ETHUSDT,bid,2490,12272.607
2024-08-07 09:37:10,ETHUSDT,bid,2490,12565.558
2024-08-07 09:37:10,ETHUSDT,bid,2490,12565.558
2024-08-07 09:37:10,ETHUSDT,ask,2680,3845.666
2024-08-07 09:37:10,ETHUSDT,ask,2680,3845.666
2024-08-07 09:37:11,ETHUSDT,bid,2290,4874.195
2024-08-07 09:37:11,ETHUSDT,bid,2290,4874.195
2024-08-07 09:37:11,ETHUSDT,bid,2490,12565.558
2024-08-07 09:37:11,ETHUSDT,ask,2680,3845.666
2024-08-07 09:37:11,ETHUSDT,bid,2290,4874.195
2024-08-07 09:37:12,ETHUSDT,bid,2490,12735.123
2024-08-07 09:37:12,ETHUSDT,bid,2490,12735.123
2024-08-07 09:37:12,ETHUSDT,bid,2490,12735.123
2024-08-07 09:37:16,ETHUSDT,bid,2490,12735.323
2024-08-07 09:37:16,ETHUSDT,bid,2490,12735.323
2024-08-07 09:37:16,ETHUSDT,bid,2490,12735.323
2024-08-07 09:37:17,ETHUSDT,bid,2490,12735.52
2024-08-07 09:37:17,ETHUSDT,bid,2490,12735.52
2024-08-07 09:37:17,ETHUSDT,bid,2490,12735.52
2024-08-07 09:37:18,ETHUSDT,bid,2490,12745.52
2024-08-07 09:37:18,ETHUSDT,bid,2490,12745.52
2024-08-07 09:37:18,ETHUSDT,bid,2490,13437.761
2024-08-07 09:37:18,ETHUSDT,bid,2490,13437.761
2024-08-07 09:37:18,ETHUSDT,bid,2490,12745.52
2024-08-07 09:37:18,ETHUSDT,bid,2490,13437.761
2024-08-07 09:37:19,ETHUSDT,bid,2490,13730.006
2024-08-07 09:37:19,ETHUSDT,bid,2490,13730.006
2024-08-07 09:37:19,ETHUSDT,bid,2490,13719.806
2024-08-07 09:37:19,ETHUSDT,bid,2490,13719.806
2024-08-07 09:37:19,ETHUSDT,bid,2490,13730.006
2024-08-07 09:37:19,ETHUSDT,bid,2490,13719.806
2024-08-07 09:37:19,ETHUSDT,bid,2490,13719.609
2024-08-07 09:37:19,ETHUSDT,bid,2490,13719.609
2024-08-07 09:37:19,ETHUSDT,bid,2490,13719.609
2024-08-07 09:37:23,ETHUSDT,bid,2490,14105.643
2024-08-07 09:37:23,ETHUSDT,bid,2490,14105.643
2024-08-07 09:37:23,ETHUSDT,bid,2490,14105.643
2024-08-07 09:37:26,ETHUSDT,bid,2490,14105.844
2024-08-07 09:37:26,ETHUSDT,bid,2490,14105.844
2024-08-07 09:37:26,ETHUSDT,bid,2490,14105.844
2024-08-07 09:37:27,ETHUSDT,bid,2490,14116.193
2024-08-07 09:37:27,ETHUSDT,bid,2490,14116.193
2024-08-07 09:37:27,ETHUSDT,bid,2490,14376.992
2024-08-07 09:37:27,ETHUSDT,bid,2490,14376.992
2024-08-07 09:37:27,ETHUSDT,bid,2490,14116.193
2024-08-07 09:37:27,ETHUSDT,bid,2490,14376.992
2024-08-07 09:37:28,ETHUSDT,bid,2490,14376.791
2024-08-07 09:37:28,ETHUSDT,bid,2490,14376.791
2024-08-07 09:37:28,ETHUSDT,bid,2490,14376.791
2024-08-07 09:37:29,ETHUSDT,bid,2420,7411.708
2024-08-07 09:37:29,ETHUSDT,bid,2420,7411.708
2024-08-07 09:37:29,ETHUSDT,bid,2420,7411.708
2024-08-07 09:37:31,ETHUSDT,bid,2490,14544.789
2024-08-07 09:37:31,ETHUSDT,bid,2490,14544.789
2024-08-07 09:37:31,ETHUSDT,bid,2490,14544.789
2024-08-07 09:37:37,ETHUSDT,bid,2490,14839.906
2024-08-07 09:37:37,ETHUSDT,bid,2490,14839.906
2024-08-07 09:37:37,ETHUSDT,bid,2490,14839.906
2024-08-07 09:37:39,ETHUSDT,bid,2490,5898.706
2024-08-07 09:37:39,ETHUSDT,bid,2490,5898.706
2024-08-07 09:37:39,ETHUSDT,bid,2490,5898.706
2024-08-07 09:37:39,ETHUSDT,bid,2490,13804.061
2024-08-07 09:37:39,ETHUSDT,bid,2490,13804.061
2024-08-07 09:37:39,ETHUSDT,bid,2490,13804.061
2024-08-07 09:37:39,ETHUSDT,bid,2490,15084.036
2024-08-07 09:37:39,ETHUSDT,bid,2490,15084.036
2024-08-07 09:37:39,ETHUSDT,bid,2490,15084.036
2024-08-07 09:37:40,ETHUSDT,bid,2490,15381.439
2024-08-07 09:37:40,ETHUSDT,bid,2490,15381.439
2024-08-07 09:37:40,ETHUSDT,bid,2490,15381.439
2024-08-07 09:37:41,ETHUSDT,bid,2490,15381.459
2024-08-07 09:37:41,ETHUSDT,bid,2490,15381.459
2024-08-07 09:37:41,ETHUSDT,bid,2490,15381.459
2024-08-07 09:37:41,ETHUSDT,bid,2490,15381.262
2024-08-07 09:37:41,ETHUSDT,bid,2490,15381.262
2024-08-07 09:37:41,ETHUSDT,bid,2490,15381.262
2024-08-07 09:37:47,ETHUSDT,bid,2490,15382.264
2024-08-07 09:37:47,ETHUSDT,bid,2490,15382.264
2024-08-07 09:37:47,ETHUSDT,bid,2490,15382.264
2024-08-07 09:37:53,ETHUSDT,bid,2490,16118.317
2024-08-07 09:37:53,ETHUSDT,bid,2490,16118.317
2024-08-07 09:37:54,ETHUSDT,bid,2490,16119.92
2024-08-07 09:37:54,ETHUSDT,bid,2490,16119.92
2024-08-07 09:37:54,ETHUSDT,bid,2490,16118.317
2024-08-07 09:37:54,ETHUSDT,bid,2490,16119.92
2024-08-07 09:37:56,ETHUSDT,bid,2490,16382.425
2024-08-07 09:37:56,ETHUSDT,bid,2490,16382.425
2024-08-07 09:37:57,ETHUSDT,bid,2490,16382.425
2024-08-07 09:37:58,ETHUSDT,bid,2490,14062.04
2024-08-07 09:37:58,ETHUSDT,bid,2490,14062.04
2024-08-07 09:37:58,ETHUSDT,bid,2490,14062.04
2024-08-07 09:37:58,ETHUSDT,bid,2490,6361.19
2024-08-07 09:37:58,ETHUSDT,bid,2490,11385.4
2024-08-07 09:37:58,ETHUSDT,bid,2490,6361.19
2024-08-07 09:37:58,ETHUSDT,bid,2490,11385.4
2024-08-07 09:37:58,ETHUSDT,bid,2490,6361.19
2024-08-07 09:37:58,ETHUSDT,bid,2490,11385.4
2024-08-07 09:37:58,ETHUSDT,bid,2490,10600.432
2024-08-07 09:37:58,ETHUSDT,bid,2490,7146.158
2024-08-07 09:37:58,ETHUSDT,bid,2490,10600.432
2024-08-07 09:37:58,ETHUSDT,bid,2490,7146.158
2024-08-07 09:37:58,ETHUSDT,bid,2490,10600.432
2024-08-07 09:37:58,ETHUSDT,bid,2490,7146.158
2024-08-07 09:37:58,ETHUSDT,bid,2490,12660.083
2024-08-07 09:37:58,ETHUSDT,bid,2490,5086.507
2024-08-07 09:37:58,ETHUSDT,bid,2490,12660.083
2024-08-07 09:37:58,ETHUSDT,bid,2490,5086.507
2024-08-07 09:37:58,ETHUSDT,bid,2490,12660.083
2024-08-07 09:37:58,ETHUSDT,bid,2490,5086.507
2024-08-07 09:37:58,ETHUSDT,bid,2490,14085.691
2024-08-07 09:37:58,ETHUSDT,bid,2490,14085.691
2024-08-07 09:37:58,ETHUSDT,bid,2490,14085.691
2024-08-07 09:37:58,ETHUSDT,bid,2490,16426.837
2024-08-07 09:37:58,ETHUSDT,bid,2490,16426.837
2024-08-07 09:37:58,ETHUSDT,bid,2490,17722.798
2024-08-07 09:37:58,ETHUSDT,bid,2490,17722.798
2024-08-07 09:37:59,ETHUSDT,bid,2490,16426.837
2024-08-07 09:37:59,ETHUSDT,bid,2490,17722.798
2024-08-07 09:38:01,ETHUSDT,bid,2290,4874.163
2024-08-07 09:38:01,ETHUSDT,bid,2290,4874.163
2024-08-07 09:38:01,ETHUSDT,bid,2290,4874.163
2024-08-07 09:38:01,ETHUSDT,bid,2490,17722.798
2024-08-07 09:38:01,ETHUSDT,bid,2490,17722.798
2024-08-07 09:38:01,ETHUSDT,bid,2490,17722.798
2024-08-07 09:38:03,ETHUSDT,bid,2290,4874.12
2024-08-07 09:38:03,ETHUSDT,bid,2290,4874.12
2024-08-07 09:38:03,ETHUSDT,bid,2290,4874.12
2024-08-07 09:38:03,ETHUSDT,bid,2490,18027.149
2024-08-07 09:38:03,ETHUSDT,bid,2490,18027.149
2024-08-07 09:38:03,ETHUSDT,bid,2490,18027.149
2024-08-07 09:38:06,ETHUSDT,bid,2490,9286.355
2024-08-07 09:38:06,ETHUSDT,bid,2490,9223.956
2024-08-07 09:38:06,ETHUSDT,bid,2490,9286.355
2024-08-07 09:38:06,ETHUSDT,bid,2490,9223.956
2024-08-07 09:38:06,ETHUSDT,bid,2490,12811.27
2024-08-07 09:38:06,ETHUSDT,bid,2490,5107.475
2024-08-07 09:38:06,ETHUSDT,bid,2490,12811.27
2024-08-07 09:38:06,ETHUSDT,bid,2490,5107.475
2024-08-07 09:38:06,ETHUSDT,bid,2490,9286.355
2024-08-07 09:38:06,ETHUSDT,bid,2490,9223.956
2024-08-07 09:38:06,ETHUSDT,bid,2490,12811.27
2024-08-07 09:38:06,ETHUSDT,bid,2490,5107.475
2024-08-07 09:38:06,ETHUSDT,bid,2490,15152.416
2024-08-07 09:38:06,ETHUSDT,bid,2490,15152.416
2024-08-07 09:38:06,ETHUSDT,bid,2490,15152.416
2024-08-07 09:38:06,ETHUSDT,bid,2490,16448.377
2024-08-07 09:38:06,ETHUSDT,bid,2490,16448.377
2024-08-07 09:38:06,ETHUSDT,bid,2490,16752.728
2024-08-07 09:38:06,ETHUSDT,bid,2490,16752.728
2024-08-07 09:38:06,ETHUSDT,bid,2490,16448.377
2024-08-07 09:38:06,ETHUSDT,bid,2490,16752.728
2024-08-07 09:38:07,ETHUSDT,bid,2490,16752.527
2024-08-07 09:38:07,ETHUSDT,bid,2490,16752.527
2024-08-07 09:38:07,ETHUSDT,bid,2490,16752.527
2024-08-07 09:38:09,ETHUSDT,bid,2490,16752.32
2024-08-07 09:38:09,ETHUSDT,bid,2490,16752.32
2024-08-07 09:38:09,ETHUSDT,bid,2490,16752.32
2024-08-07 09:38:09,ETHUSDT,bid,2490,7101.326
2024-08-07 09:38:09,ETHUSDT,bid,2490,10376.722
2024-08-07 09:38:09,ETHUSDT,bid,2490,7101.326
2024-08-07 09:38:09,ETHUSDT,bid,2490,10376.722
2024-08-07 09:38:10,ETHUSDT,bid,2490,10387.282
2024-08-07 09:38:10,ETHUSDT,bid,2490,7090.766
2024-08-07 09:38:10,ETHUSDT,bid,2490,10387.282
2024-08-07 09:38:10,ETHUSDT,bid,2490,7090.766
2024-08-07 09:38:10,ETHUSDT,bid,2490,7101.326
2024-08-07 09:38:10,ETHUSDT,bid,2490,10376.722
2024-08-07 09:38:10,ETHUSDT,bid,2490,10387.282
2024-08-07 09:38:10,ETHUSDT,bid,2490,7090.766
2024-08-07 09:38:10,ETHUSDT,bid,2490,13071.873
2024-08-07 09:38:10,ETHUSDT,bid,2490,4406.175
2024-08-07 09:38:10,ETHUSDT,bid,2490,13071.873
2024-08-07 09:38:10,ETHUSDT,bid,2490,4406.175
2024-08-07 09:38:10,ETHUSDT,bid,2490,13071.873
2024-08-07 09:38:10,ETHUSDT,bid,2490,4406.175
2024-08-07 09:38:10,ETHUSDT,bid,2490,16708.98
2024-08-07 09:38:10,ETHUSDT,bid,2490,16708.98
2024-08-07 09:38:10,ETHUSDT,bid,2490,16708.98
2024-08-07 09:38:10,ETHUSDT,bid,2490,17013.331
2024-08-07 09:38:10,ETHUSDT,bid,2490,17013.331
2024-08-07 09:38:10,ETHUSDT,bid,2490,17013.331
2024-08-07 09:38:28,ETHUSDT,bid,2420,7420.66
2024-08-07 09:38:28,ETHUSDT,bid,2420,7420.66
2024-08-07 09:38:29,ETHUSDT,bid,2420,7420.66
2024-08-07 09:38:29,ETHUSDT,bid,2490,17173.28
2024-08-07 09:38:29,ETHUSDT,bid,2490,17173.28
2024-08-07 09:38:30,ETHUSDT,bid,2490,17173.28
2024-08-07 09:38:31,ETHUSDT,bid,2490,12551.636
2024-08-07 09:38:31,ETHUSDT,bid,2490,12551.636
2024-08-07 09:38:31,ETHUSDT,bid,2490,11492.963
2024-08-07 09:38:31,ETHUSDT,bid,2490,4493.713
2024-08-07 09:38:31,ETHUSDT,bid,2490,11492.963
2024-08-07 09:38:31,ETHUSDT,bid,2490,4493.713
2024-08-07 09:38:31,ETHUSDT,bid,2490,12551.636
2024-08-07 09:38:31,ETHUSDT,bid,2490,11492.963
2024-08-07 09:38:31,ETHUSDT,bid,2490,4493.713
2024-08-07 09:38:31,ETHUSDT,bid,2490,8910.56
2024-08-07 09:38:31,ETHUSDT,bid,2490,5979.322
2024-08-07 09:38:31,ETHUSDT,bid,2490,8910.56
2024-08-07 09:38:31,ETHUSDT,bid,2490,5979.322
2024-08-07 09:38:31,ETHUSDT,bid,2490,8910.56
2024-08-07 09:38:31,ETHUSDT,bid,2490,5979.322
2024-08-07 09:38:31,ETHUSDT,bid,2490,7741.39
2024-08-07 09:38:31,ETHUSDT,bid,2490,6704.181
2024-08-07 09:38:31,ETHUSDT,bid,2490,7741.39
2024-08-07 09:38:31,ETHUSDT,bid,2490,6704.181
2024-08-07 09:38:31,ETHUSDT,bid,2490,5124.919
2024-08-07 09:38:31,ETHUSDT,bid,2490,9320.652
2024-08-07 09:38:31,ETHUSDT,bid,2490,5124.919
2024-08-07 09:38:31,ETHUSDT,bid,2490,9320.652
2024-08-07 09:38:32,ETHUSDT,bid,2490,7741.39
2024-08-07 09:38:32,ETHUSDT,bid,2490,6704.181
2024-08-07 09:38:32,ETHUSDT,bid,2490,5124.919
2024-08-07 09:38:32,ETHUSDT,bid,2490,9320.652
2024-08-07 09:38:33,ETHUSDT,bid,2490,9320.858
2024-08-07 09:38:33,ETHUSDT,bid,2490,9320.858
2024-08-07 09:38:33,ETHUSDT,bid,2490,9320.858
2024-08-07 09:38:35,ETHUSDT,bid,2490,9320.652
2024-08-07 09:38:35,ETHUSDT,bid,2490,9320.652
2024-08-07 09:38:36,ETHUSDT,bid,2490,9320.652
2024-08-07 09:38:42,ETHUSDT,bid,2490,5125.131
2024-08-07 09:38:42,ETHUSDT,bid,2490,5125.131
2024-08-07 09:38:42,ETHUSDT,bid,2490,5125.131
2024-08-07 09:38:44,ETHUSDT,bid,2490,5124.919
2024-08-07 09:38:44,ETHUSDT,bid,2490,5124.919
2024-08-07 09:38:44,ETHUSDT,bid,2490,5124.919
2024-08-07 09:38:46,ETHUSDT,bid,2490,9320.863
2024-08-07 09:38:46,ETHUSDT,bid,2490,9320.863
2024-08-07 09:38:46,ETHUSDT,bid,2490,9320.863
2024-08-07 09:38:48,ETHUSDT,bid,2490,8650.582
2024-08-07 09:38:48,ETHUSDT,bid,2490,8650.582
2024-08-07 09:38:48,ETHUSDT,bid,2490,8650.582
2024-08-07 09:38:48,ETHUSDT,bid,2490,9823.503
2024-08-07 09:38:48,ETHUSDT,bid,2490,9823.503
2024-08-07 09:38:48,ETHUSDT,bid,2490,12147.729
2024-08-07 09:38:48,ETHUSDT,bid,2490,12147.729
2024-08-07 09:38:48,ETHUSDT,bid,2490,9823.503
2024-08-07 09:38:48,ETHUSDT,bid,2490,12147.729
2024-08-07 09:38:49,ETHUSDT,bid,2490,10547.231
2024-08-07 09:38:49,ETHUSDT,bid,2490,6725.417
2024-08-07 09:38:49,ETHUSDT,bid,2490,10547.231
2024-08-07 09:38:49,ETHUSDT,bid,2490,6725.417
2024-08-07 09:38:49,ETHUSDT,bid,2490,11806.214
2024-08-07 09:38:49,ETHUSDT,bid,2490,5466.434
2024-08-07 09:38:49,ETHUSDT,bid,2490,11806.214
2024-08-07 09:38:49,ETHUSDT,bid,2490,5466.434
2024-08-07 09:38:49,ETHUSDT,bid,2490,10547.231
2024-08-07 09:38:49,ETHUSDT,bid,2490,6725.417
2024-08-07 09:38:49,ETHUSDT,bid,2490,11806.214
2024-08-07 09:38:49,ETHUSDT,bid,2490,5466.434
2024-08-07 09:38:49,ETHUSDT,bid,2490,13231.822
2024-08-07 09:38:49,ETHUSDT,bid,2490,4040.826
2024-08-07 09:38:49,ETHUSDT,bid,2490,13231.822
2024-08-07 09:38:49,ETHUSDT,bid,2490,4040.826
2024-08-07 09:38:49,ETHUSDT,bid,2490,13231.822
2024-08-07 09:38:49,ETHUSDT,bid,2490,4040.826
2024-08-07 09:38:49,ETHUSDT,bid,2490,14292.993
2024-08-07 09:38:49,ETHUSDT,bid,2490,14292.993
2024-08-07 09:38:49,ETHUSDT,bid,2490,14292.993
2024-08-07 09:38:49,ETHUSDT,bid,2490,15572.968
2024-08-07 09:38:49,ETHUSDT,bid,2490,15572.968
2024-08-07 09:38:49,ETHUSDT,bid,2490,16868.929
2024-08-07 09:38:49,ETHUSDT,bid,2490,16868.929
2024-08-07 09:38:49,ETHUSDT,bid,2490,17173.28
2024-08-07 09:38:49,ETHUSDT,bid,2490,17173.28
2024-08-07 09:38:50,ETHUSDT,bid,2490,15572.968
2024-08-07 09:38:50,ETHUSDT,bid,2490,16868.929
2024-08-07 09:38:50,ETHUSDT,bid,2490,17173.28
2024-08-07 09:38:50,ETHUSDT,bid,2490,10469.781
2024-08-07 09:38:50,ETHUSDT,bid,2490,7434.846
2024-08-07 09:38:50,ETHUSDT,bid,2490,10469.781
2024-08-07 09:38:50,ETHUSDT,bid,2490,7434.846
2024-08-07 09:38:50,ETHUSDT,bid,2490,10469.781
2024-08-07 09:38:50,ETHUSDT,bid,2490,7434.846
2024-08-07 09:38:50,ETHUSDT,bid,2490,11270.449
2024-08-07 09:38:50,ETHUSDT,bid,2490,6634.178
2024-08-07 09:38:50,ETHUSDT,bid,2490,11270.449
2024-08-07 09:38:50,ETHUSDT,bid,2490,6634.178
2024-08-07 09:38:50,ETHUSDT,bid,2490,11270.449
2024-08-07 09:38:50,ETHUSDT,bid,2490,6634.178
2024-08-07 09:38:50,ETHUSDT,bid,2490,12529.432
2024-08-07 09:38:50,ETHUSDT,bid,2490,5375.195
2024-08-07 09:38:50,ETHUSDT,bid,2490,12529.432
2024-08-07 09:38:50,ETHUSDT,bid,2490,5375.195
2024-08-07 09:38:50,ETHUSDT,bid,2490,15016.211
2024-08-07 09:38:50,ETHUSDT,bid,2490,15016.211
2024-08-07 09:38:50,ETHUSDT,bid,2490,16296.186
2024-08-07 09:38:50,ETHUSDT,bid,2490,16296.186
2024-08-07 09:38:50,ETHUSDT,bid,2490,12529.432
2024-08-07 09:38:50,ETHUSDT,bid,2490,5375.195
2024-08-07 09:38:50,ETHUSDT,bid,2490,15016.211
2024-08-07 09:38:50,ETHUSDT,bid,2490,16296.186
2024-08-07 09:38:51,ETHUSDT,bid,2480,5048.748
2024-08-07 09:38:51,ETHUSDT,bid,2490,11754.001
2024-08-07 09:38:51,ETHUSDT,bid,2480,5048.748
2024-08-07 09:38:51,ETHUSDT,bid,2490,11754.001
2024-08-07 09:38:51,ETHUSDT,bid,2480,5048.748
2024-08-07 09:38:51,ETHUSDT,bid,2490,11754.001
2024-08-07 09:38:54,ETHUSDT,bid,2490,11754.151
2024-08-07 09:38:54,ETHUSDT,bid,2490,11754.151
2024-08-07 09:38:54,ETHUSDT,bid,2490,11754.151
2024-08-07 09:38:57,ETHUSDT,bid,2480,5047.548
2024-08-07 09:38:57,ETHUSDT,bid,2480,5047.548
2024-08-07 09:38:57,ETHUSDT,bid,2480,5047.548
2024-08-07 09:38:57,ETHUSDT,bid,2480,5071.131
2024-08-07 09:38:57,ETHUSDT,bid,2480,5071.131
2024-08-07 09:38:57,ETHUSDT,bid,2480,5047.548
2024-08-07 09:38:57,ETHUSDT,bid,2480,5047.548
2024-08-07 09:38:57,ETHUSDT,bid,2480,5071.131
2024-08-07 09:38:57,ETHUSDT,bid,2480,5047.548
2024-08-07 09:38:57,ETHUSDT,bid,2490,11754.001
2024-08-07 09:38:57,ETHUSDT,bid,2490,4244.996
2024-08-07 09:38:57,ETHUSDT,bid,2490,11754.001
2024-08-07 09:38:57,ETHUSDT,bid,2490,4244.996
2024-08-07 09:38:57,ETHUSDT,bid,2490,11754.001
2024-08-07 09:38:57,ETHUSDT,bid,2490,4244.996
2024-08-07 09:38:57,ETHUSDT,bid,2490,4630.977
2024-08-07 09:38:57,ETHUSDT,bid,2490,4630.977
2024-08-07 09:38:58,ETHUSDT,bid,2490,4630.977
2024-08-07 09:38:59,ETHUSDT,bid,2490,9393.296
2024-08-07 09:38:59,ETHUSDT,bid,2490,9393.296
2024-08-07 09:38:59,ETHUSDT,bid,2490,9393.296
2024-08-07 09:38:59,ETHUSDT,bid,2490,6943.755
2024-08-07 09:38:59,ETHUSDT,bid,2490,4915.044
2024-08-07 09:38:59,ETHUSDT,bid,2490,6943.755
2024-08-07 09:38:59,ETHUSDT,bid,2490,4915.044
2024-08-07 09:38:59,ETHUSDT,bid,2490,6943.755
2024-08-07 09:38:59,ETHUSDT,bid,2490,4915.044
2024-08-07 09:39:00,ETHUSDT,bid,2490,5630.193
2024-08-07 09:39:00,ETHUSDT,bid,2490,6228.606
2024-08-07 09:39:00,ETHUSDT,bid,2490,5630.193
2024-08-07 09:39:00,ETHUSDT,bid,2490,6228.606
2024-08-07 09:39:00,ETHUSDT,bid,2490,4327.284
2024-08-07 09:39:00,ETHUSDT,bid,2490,7531.515
2024-08-07 09:39:00,ETHUSDT,bid,2490,4327.284
2024-08-07 09:39:00,ETHUSDT,bid,2490,7531.515
2024-08-07 09:39:00,ETHUSDT,bid,2490,4425.277
2024-08-07 09:39:00,ETHUSDT,bid,2490,4790.673
2024-08-07 09:39:00,ETHUSDT,bid,2490,7531.355
2024-08-07 09:39:00,ETHUSDT,bid,2490,4425.277
2024-08-07 09:39:00,ETHUSDT,bid,2490,4790.673
2024-08-07 09:39:00,ETHUSDT,bid,2490,7531.355
2024-08-07 09:39:00,ETHUSDT,bid,2490,5630.193
2024-08-07 09:39:00,ETHUSDT,bid,2490,6228.606
2024-08-07 09:39:00,ETHUSDT,bid,2490,4327.284
2024-08-07 09:39:00,ETHUSDT,bid,2490,7531.515
2024-08-07 09:39:00,ETHUSDT,bid,2490,4425.277
2024-08-07 09:39:00,ETHUSDT,bid,2490,4790.673
2024-08-07 09:39:00,ETHUSDT,bid,2490,7531.355
2024-08-07 09:39:01,ETHUSDT,bid,2490,7531.141
2024-08-07 09:39:01,ETHUSDT,bid,2490,7531.141
2024-08-07 09:39:01,ETHUSDT,bid,2490,7611.397
2024-08-07 09:39:01,ETHUSDT,bid,2490,7611.397
2024-08-07 09:39:01,ETHUSDT,bid,2490,7531.141
2024-08-07 09:39:01,ETHUSDT,bid,2490,7611.397
2024-08-07 09:39:02,ETHUSDT,bid,2490,7531.141
2024-08-07 09:39:02,ETHUSDT,bid,2490,7531.141
2024-08-07 09:39:02,ETHUSDT,bid,2490,7531.141
2024-08-07 09:39:03,ETHUSDT,bid,2490,8079.967
2024-08-07 09:39:03,ETHUSDT,bid,2490,8079.967
2024-08-07 09:39:03,ETHUSDT,bid,2490,8079.967
2024-08-07 09:39:03,ETHUSDT,bid,2490,4425.49
2024-08-07 09:39:03,ETHUSDT,bid,2490,8639.518
2024-08-07 09:39:03,ETHUSDT,bid,2490,4425.49
2024-08-07 09:39:03,ETHUSDT,bid,2490,8639.518
2024-08-07 09:39:03,ETHUSDT,bid,2490,4425.49
2024-08-07 09:39:03,ETHUSDT,bid,2490,8639.518
2024-08-07 09:39:05,ETHUSDT,bid,2490,4425.277
2024-08-07 09:39:05,ETHUSDT,bid,2490,4425.277
2024-08-07 09:39:05,ETHUSDT,bid,2490,4425.277
2024-08-07 09:39:06,ETHUSDT,bid,2490,12152.785
2024-08-07 09:39:06,ETHUSDT,bid,2490,12152.785
2024-08-07 09:39:06,ETHUSDT,bid,2490,12152.785
2024-08-07 09:39:06,ETHUSDT,bid,2490,4425.337
2024-08-07 09:39:06,ETHUSDT,bid,2490,4425.337
2024-08-07 09:39:06,ETHUSDT,bid,2490,4425.277
2024-08-07 09:39:06,ETHUSDT,bid,2490,4425.277
2024-08-07 09:39:06,ETHUSDT,bid,2490,4425.337
2024-08-07 09:39:06,ETHUSDT,bid,2490,4425.277
2024-08-07 09:39:07,ETHUSDT,bid,2490,12147.569
2024-08-07 09:39:07,ETHUSDT,bid,2490,12147.569
2024-08-07 09:39:07,ETHUSDT,bid,2490,12147.569
2024-08-07 09:39:08,ETHUSDT,bid,2490,4425.837
2024-08-07 09:39:08,ETHUSDT,bid,2490,4425.837
2024-08-07 09:39:08,ETHUSDT,bid,2490,4425.837
2024-08-07 09:39:10,ETHUSDT,bid,2490,12147.784
2024-08-07 09:39:10,ETHUSDT,bid,2490,12147.784
2024-08-07 09:39:10,ETHUSDT,bid,2490,12147.784
2024-08-07 09:39:12,ETHUSDT,bid,2490,4426.051
2024-08-07 09:39:12,ETHUSDT,bid,2490,12147.569
2024-08-07 09:39:12,ETHUSDT,bid,2490,4426.051
2024-08-07 09:39:12,ETHUSDT,bid,2490,12147.569
2024-08-07 09:39:12,ETHUSDT,bid,2490,4426.051
2024-08-07 09:39:12,ETHUSDT,bid,2490,12147.569
2024-08-07 09:39:14,ETHUSDT,bid,2490,4425.837
2024-08-07 09:39:14,ETHUSDT,bid,2490,12147.785
2024-08-07 09:39:14,ETHUSDT,bid,2490,4425.837
2024-08-07 09:39:14,ETHUSDT,bid,2490,12147.785
2024-08-07 09:39:14,ETHUSDT,bid,2490,4425.837
2024-08-07 09:39:14,ETHUSDT,bid,2490,12147.785
2024-08-07 09:39:16,ETHUSDT,bid,2490,5591.341
2024-08-07 09:39:16,ETHUSDT,bid,2490,6725.257
2024-08-07 09:39:16,ETHUSDT,bid,2490,5591.341
2024-08-07 09:39:16,ETHUSDT,bid,2490,6725.257
2024-08-07 09:39:16,ETHUSDT,bid,2490,5591.341
2024-08-07 09:39:16,ETHUSDT,bid,2490,6725.257
2024-08-07 09:39:16,ETHUSDT,bid,2490,8275.932
2024-08-07 09:39:16,ETHUSDT,bid,2490,4040.666
2024-08-07 09:39:16,ETHUSDT,bid,2490,8275.932
2024-08-07 09:39:16,ETHUSDT,bid,2490,4040.666
2024-08-07 09:39:16,ETHUSDT,bid,2490,8275.932
2024-08-07 09:39:16,ETHUSDT,bid,2490,4040.666
2024-08-07 09:39:16,ETHUSDT,bid,2490,10617.078
2024-08-07 09:39:16,ETHUSDT,bid,2490,10617.078
2024-08-07 09:39:17,ETHUSDT,bid,2490,11913.039
2024-08-07 09:39:17,ETHUSDT,bid,2490,11913.039
2024-08-07 09:39:17,ETHUSDT,bid,2490,12217.39
2024-08-07 09:39:17,ETHUSDT,bid,2490,10617.078
2024-08-07 09:39:17,ETHUSDT,bid,2490,12217.39
2024-08-07 09:39:17,ETHUSDT,bid,2490,11913.039
2024-08-07 09:39:17,ETHUSDT,bid,2490,12217.39
2024-08-07 09:39:18,ETHUSDT,bid,2490,12217.605
2024-08-07 09:39:18,ETHUSDT,bid,2490,12217.605
2024-08-07 09:39:19,ETHUSDT,bid,2490,12217.605
2024-08-07 09:39:20,ETHUSDT,bid,2490,12217.39
2024-08-07 09:39:20,ETHUSDT,bid,2490,12217.39
2024-08-07 09:39:21,ETHUSDT,bid,2490,12217.39
2024-08-07 09:39:21,ETHUSDT,bid,2490,4441.395
2024-08-07 09:39:21,ETHUSDT,bid,2490,4441.395
2024-08-07 09:39:22,ETHUSDT,bid,2490,4441.395
2024-08-07 09:39:28,ETHUSDT,bid,2420,7422.802
2024-08-07 09:39:28,ETHUSDT,bid,2420,7422.802
2024-08-07 09:39:28,ETHUSDT,bid,2420,7422.802
2024-08-07 09:39:30,ETHUSDT,bid,2490,4441.435
2024-08-07 09:39:30,ETHUSDT,bid,2490,4441.435
2024-08-07 09:39:30,ETHUSDT,bid,2490,4441.435
2024-08-07 09:39:31,ETHUSDT,bid,2490,12217.61
2024-08-07 09:39:31,ETHUSDT,bid,2490,12217.61
2024-08-07 09:39:31,ETHUSDT,bid,2490,12217.61
2024-08-07 09:39:32,ETHUSDT,bid,2490,12216.406
2024-08-07 09:39:32,ETHUSDT,bid,2490,12216.406
2024-08-07 09:39:32,ETHUSDT,bid,2490,12216.406
2024-08-07 09:39:33,ETHUSDT,bid,2490,4441.653
2024-08-07 09:39:33,ETHUSDT,bid,2490,12216.186
2024-08-07 09:39:33,ETHUSDT,bid,2490,4441.653
2024-08-07 09:39:33,ETHUSDT,bid,2490,12216.186
2024-08-07 09:39:34,ETHUSDT,bid,2490,4441.653
2024-08-07 09:39:34,ETHUSDT,bid,2490,12216.186
2024-08-07 09:39:35,ETHUSDT,bid,2490,4442.644
2024-08-07 09:39:35,ETHUSDT,bid,2490,4442.644
2024-08-07 09:39:36,ETHUSDT,bid,2490,4442.644
2024-08-07 09:39:36,ETHUSDT,bid,2490,4442.426
2024-08-07 09:39:36,ETHUSDT,bid,2490,4442.426
2024-08-07 09:39:36,ETHUSDT,bid,2490,4442.426
2024-08-07 09:39:42,ETHUSDT,bid,2490,4442.643
2024-08-07 09:39:42,ETHUSDT,bid,2490,4442.643
2024-08-07 09:39:42,ETHUSDT,bid,2490,4442.643
2024-08-07 09:39:42,ETHUSDT,bid,2490,12219.986
2024-08-07 09:39:42,ETHUSDT,bid,2490,12219.986
2024-08-07 09:39:42,ETHUSDT,bid,2490,12219.986
2024-08-07 09:39:42,ETHUSDT,bid,2490,4443.136
2024-08-07 09:39:42,ETHUSDT,bid,2490,4443.136
2024-08-07 09:39:42,ETHUSDT,bid,2490,4443.136
2024-08-07 09:39:44,ETHUSDT,bid,2490,4442.919
2024-08-07 09:39:44,ETHUSDT,bid,2490,4442.919
2024-08-07 09:39:44,ETHUSDT,bid,2490,4442.919
2024-08-07 09:39:46,ETHUSDT,bid,2490,4450.403
2024-08-07 09:39:46,ETHUSDT,bid,2490,4450.403
2024-08-07 09:39:46,ETHUSDT,bid,2490,4450.403
2024-08-07 09:39:49,ETHUSDT,bid,2490,4450.622
2024-08-07 09:39:49,ETHUSDT,bid,2490,4450.622
2024-08-07 09:39:49,ETHUSDT,bid,2490,4450.622
2024-08-07 09:39:51,ETHUSDT,bid,2490,4450.403
2024-08-07 09:39:51,ETHUSDT,bid,2490,4450.403
2024-08-07 09:39:51,ETHUSDT,bid,2490,4450.403
2024-08-07 09:39:53,ETHUSDT,bid,2490,4450.62
2024-08-07 09:39:53,ETHUSDT,bid,2490,4450.62
2024-08-07 09:39:53,ETHUSDT,bid,2490,4450.62
2024-08-07 09:39:55,ETHUSDT,bid,2490,4450.403
2024-08-07 09:39:55,ETHUSDT,bid,2490,4450.403
2024-08-07 09:39:55,ETHUSDT,bid,2490,4450.403
2024-08-07 09:39:59,ETHUSDT,bid,2490,4442.919
2024-08-07 09:39:59,ETHUSDT,bid,2490,4442.919
2024-08-07 09:39:59,ETHUSDT,bid,2490,4442.919
2024-08-07 09:40:02,ETHUSDT,bid,2490,12220.204
2024-08-07 09:40:02,ETHUSDT,bid,2490,12220.204
2024-08-07 09:40:02,ETHUSDT,bid,2490,12220.204
2024-08-07 09:40:04,ETHUSDT,bid,2490,12219.986
2024-08-07 09:40:04,ETHUSDT,bid,2490,12219.986
2024-08-07 09:40:04,ETHUSDT,bid,2490,12219.986
2024-08-07 09:40:06,ETHUSDT,bid,2490,4443.919
2024-08-07 09:40:06,ETHUSDT,bid,2490,4443.919
2024-08-07 09:40:06,ETHUSDT,bid,2490,4443.919
2024-08-07 09:40:08,ETHUSDT,bid,2490,12235.986
2024-08-07 09:40:08,ETHUSDT,bid,2490,12235.986
2024-08-07 09:40:08,ETHUSDT,bid,2490,12235.986
2024-08-07 09:40:08,ETHUSDT,bid,2490,4444.138
2024-08-07 09:40:08,ETHUSDT,bid,2490,4444.138
2024-08-07 09:40:09,ETHUSDT,bid,2490,4444.138
2024-08-07 09:40:09,ETHUSDT,bid,2490,12219.986
2024-08-07 09:40:09,ETHUSDT,bid,2490,12219.986
