2024-07-30 00:00:06,BTCUSDT,bid,66400,301.186
2024-07-30 00:00:06,BTCUSDT,bid,66400,301.186
2024-07-30 00:00:06,BTCUSDT,bid,66400,301.235
2024-07-30 00:00:06,BTCUSDT,bid,66400,301.186
2024-07-30 00:00:06,BTCUSDT,bid,66400,301.186
2024-07-30 00:03:49,BTCUSDT,bid,60800,858.417
2024-07-30 00:04:05,BTCUSDT,ask,67100,510.449
2024-07-30 00:04:22,BTCUSDT,ask,67100,510.859
2024-07-30 00:04:39,BTCUSDT,ask,67100,510.873
2024-07-30 00:04:40,BTCUSDT,ask,67100,510.744
2024-07-30 00:04:48,BTCUSDT,ask,67100,511.6
2024-07-30 00:04:54,BTCUSDT,ask,67100,511.766
2024-07-30 00:05:51,BTCUSDT,ask,67100,518.666
2024-07-30 00:06:23,BTCUSDT,ask,67100,513.339
2024-07-30 00:06:25,BTCUSDT,ask,67100,513.353
2024-07-30 00:06:34,BTCUSDT,ask,67100,513.459
2024-07-30 00:06:36,BTCUSDT,ask,67100,513.429
2024-07-30 00:06:38,BTCUSDT,ask,67100,513.48
2024-07-30 00:07:12,BTCUSDT,ask,69500,345.136
2024-07-30 00:08:10,BTCUSDT,ask,69500,345.56
2024-07-30 00:08:24,BTCUSDT,bid,66700,307.963
2024-07-30 00:08:24,BTCUSDT,bid,66700,307.563
2024-07-30 00:08:25,BTCUSDT,bid,66700,306.906
2024-07-30 00:08:25,BTCUSDT,bid,66700,306.924
2024-07-30 00:08:25,BTCUSDT,bid,66700,306.904
2024-07-30 00:08:25,BTCUSDT,bid,66700,305.601
2024-07-30 00:08:26,BTCUSDT,bid,66700,305.626
2024-07-30 00:08:26,BTCUSDT,bid,66700,305.601
2024-07-30 00:08:26,BTCUSDT,bid,66700,305.704
2024-07-30 00:08:27,BTCUSDT,bid,66700,303.35
2024-07-30 00:08:28,BTCUSDT,bid,66700,300.485
2024-07-30 00:08:28,BTCUSDT,bid,66600,300.38
2024-07-30 00:08:28,BTCUSDT,bid,66700,300.38
2024-07-30 00:08:28,BTCUSDT,bid,66700,300.423
2024-07-30 00:08:28,BTCUSDT,bid,66700,300.38
2024-07-30 00:08:45,BTCUSDT,bid,66700,303.301
2024-07-30 00:08:52,BTCUSDT,ask,69500,345.977
2024-07-30 00:09:12,BTCUSDT,ask,69500,345.995
2024-07-30 00:09:21,BTCUSDT,ask,69500,346.045
2024-07-30 00:09:42,BTCUSDT,ask,69500,346.106
2024-07-30 00:09:48,BTCUSDT,ask,69500,345.964
2024-07-30 00:09:53,BTCUSDT,ask,69500,345.98
2024-07-30 00:10:03,BTCUSDT,ask,69500,345.987
2024-07-30 00:10:33,BTCUSDT,ask,69500,346.109
2024-07-30 00:10:37,BTCUSDT,bid,66700,299.958
2024-07-30 00:10:37,BTCUSDT,bid,66700,299.958
2024-07-30 00:10:37,BTCUSDT,bid,66700,299.958
2024-07-30 00:10:37,BTCUSDT,bid,66700,299.958
2024-07-30 00:11:45,BTCUSDT,ask,69500,346.283
2024-07-30 00:11:49,BTCUSDT,ask,69500,346.289
2024-07-30 00:11:54,BTCUSDT,bid,60800,858.421
2024-07-30 00:13:00,BTCUSDT,ask,69500,346.396
2024-07-30 00:13:12,BTCUSDT,ask,69500,346.411
2024-07-30 00:13:40,BTCUSDT,ask,69500,346.426
2024-07-30 00:13:55,BTCUSDT,ask,69500,346.588
2024-07-30 00:15:29,BTCUSDT,ask,69500,346.113
2024-07-30 00:15:41,BTCUSDT,ask,69500,346.187
2024-07-30 00:16:54,BTCUSDT,ask,69500,346.026
2024-07-30 00:16:54,BTCUSDT,ask,69500,346.028
2024-07-30 00:17:15,BTCUSDT,ask,69500,346.099
2024-07-30 00:17:19,BTCUSDT,ask,69500,346.114
2024-07-30 00:17:37,BTCUSDT,ask,69500,346.106
2024-07-30 00:18:05,BTCUSDT,ask,69500,346.111
2024-07-30 00:18:39,BTCUSDT,ask,69500,346.182
2024-07-30 00:19:40,BTCUSDT,ask,69500,346.77
2024-07-30 00:21:00,BTCUSDT,ask,69500,346.27
2024-07-30 00:21:07,BTCUSDT,ask,69500,346.255
2024-07-30 00:21:49,BTCUSDT,bid,60800,858.443
2024-07-30 00:22:05,BTCUSDT,ask,69500,346.259
2024-07-30 00:22:05,BTCUSDT,ask,69500,346.263
2024-07-30 00:23:10,BTCUSDT,ask,69500,346.264
2024-07-30 00:23:18,BTCUSDT,bid,60800,858.503
2024-07-30 00:23:29,BTCUSDT,bid,60800,858.495
2024-07-30 00:23:36,BTCUSDT,ask,69500,346.249
2024-07-30 00:23:45,BTCUSDT,bid,60800,858.465
2024-07-30 00:24:07,BTCUSDT,ask,69500,346.242
2024-07-30 00:24:36,BTCUSDT,bid,66400,308.368
2024-07-30 00:24:38,BTCUSDT,bid,66400,307.771
2024-07-30 00:24:38,BTCUSDT,bid,66500,309.103
2024-07-30 00:24:38,BTCUSDT,bid,66400,307.722
2024-07-30 00:24:39,BTCUSDT,bid,66400,302.094
2024-07-30 00:25:03,BTCUSDT,bid,66400,305.902
2024-07-30 00:25:03,BTCUSDT,bid,66400,305.893
2024-07-30 00:25:03,BTCUSDT,bid,66400,305.942
2024-07-30 00:25:04,BTCUSDT,bid,66400,311.842
2024-07-30 00:25:04,BTCUSDT,bid,66400,311.891
2024-07-30 00:25:04,BTCUSDT,bid,66400,311.891
2024-07-30 00:25:05,BTCUSDT,bid,66400,312.852
2024-07-30 00:25:05,BTCUSDT,bid,66400,312.852
2024-07-30 00:25:05,BTCUSDT,bid,66400,312.852
2024-07-30 00:25:06,BTCUSDT,bid,66400,318.293
2024-07-30 00:25:06,BTCUSDT,bid,66400,318.297
2024-07-30 00:25:06,BTCUSDT,bid,66400,318.293
2024-07-30 00:25:06,BTCUSDT,bid,66400,318.342
2024-07-30 00:25:07,BTCUSDT,bid,66400,323.42
2024-07-30 00:25:08,BTCUSDT,bid,66400,323.416
2024-07-30 00:25:08,BTCUSDT,bid,66400,327.938
2024-07-30 00:25:08,BTCUSDT,bid,66400,327.985
2024-07-30 00:25:08,BTCUSDT,bid,66400,327.936
2024-07-30 00:25:09,BTCUSDT,bid,66400,329.724
2024-07-30 00:25:09,BTCUSDT,bid,66400,329.733
2024-07-30 00:25:09,BTCUSDT,bid,66400,329.825
2024-07-30 00:25:09,BTCUSDT,bid,66400,329.733
2024-07-30 00:25:10,BTCUSDT,bid,66400,332.904
2024-07-30 00:25:10,BTCUSDT,bid,66400,332.913
2024-07-30 00:25:10,BTCUSDT,bid,66400,332.934
2024-07-30 00:25:11,BTCUSDT,bid,66400,339.907
2024-07-30 00:25:11,BTCUSDT,bid,66400,339.905
2024-07-30 00:25:12,BTCUSDT,bid,66300,334.918
2024-07-30 00:25:12,BTCUSDT,bid,66300,334.918
2024-07-30 00:25:12,BTCUSDT,bid,66400,334.918
2024-07-30 00:25:12,BTCUSDT,bid,66400,335.091
2024-07-30 00:25:12,BTCUSDT,bid,66400,334.918
2024-07-30 00:25:13,BTCUSDT,bid,66400,329.994
2024-07-30 00:25:13,BTCUSDT,bid,66300,330.305
2024-07-30 00:25:14,BTCUSDT,bid,66400,329.441
2024-07-30 00:25:14,BTCUSDT,bid,66400,329.332
2024-07-30 00:25:14,BTCUSDT,bid,66400,329.333
2024-07-30 00:25:15,BTCUSDT,bid,66400,327.591
2024-07-30 00:25:15,BTCUSDT,bid,66400,327.592
2024-07-30 00:25:15,BTCUSDT,bid,66400,327.588
2024-07-30 00:25:15,BTCUSDT,bid,66400,327.588
2024-07-30 00:25:15,BTCUSDT,bid,66400,327.588
2024-07-30 00:25:15,BTCUSDT,bid,66400,323.72
2024-07-30 00:25:16,BTCUSDT,bid,66400,320.255
2024-07-30 00:25:17,BTCUSDT,bid,66400,319.359
2024-07-30 00:25:17,BTCUSDT,bid,66300,319.34
2024-07-30 00:25:17,BTCUSDT,bid,66400,319.248
2024-07-30 00:25:18,BTCUSDT,bid,66400,319.84
2024-07-30 00:25:18,BTCUSDT,bid,66400,319.84
2024-07-30 00:25:18,BTCUSDT,bid,66400,319.84
2024-07-30 00:25:18,BTCUSDT,bid,66400,319.914
2024-07-30 00:25:19,BTCUSDT,bid,66400,321.535
2024-07-30 00:25:19,BTCUSDT,bid,66400,321.535
2024-07-30 00:25:19,BTCUSDT,bid,66400,321.541
2024-07-30 00:25:19,BTCUSDT,bid,66400,321.758
2024-07-30 00:25:20,BTCUSDT,bid,66400,321.758
2024-07-30 00:25:20,BTCUSDT,bid,66400,321.758
2024-07-30 00:25:20,BTCUSDT,bid,66400,321.758
2024-07-30 00:25:20,BTCUSDT,bid,66400,321.758
2024-07-30 00:25:21,BTCUSDT,bid,66300,317.17
2024-07-30 00:25:21,BTCUSDT,bid,66300,317.672
2024-07-30 00:25:21,BTCUSDT,bid,66400,316.855
2024-07-30 00:25:22,BTCUSDT,bid,66400,324.907
2024-07-30 00:25:22,BTCUSDT,bid,66300,324.907
2024-07-30 00:25:22,BTCUSDT,bid,66300,324.907
2024-07-30 00:25:22,BTCUSDT,bid,66300,325.724
2024-07-30 00:25:23,BTCUSDT,bid,66400,321.298
2024-07-30 00:25:23,BTCUSDT,bid,66400,321.298
2024-07-30 00:25:23,BTCUSDT,bid,66400,321.298
2024-07-30 00:25:23,BTCUSDT,bid,66400,321.315
2024-07-30 00:25:24,BTCUSDT,bid,66400,319.641
2024-07-30 00:25:24,BTCUSDT,bid,66400,319.715
2024-07-30 00:25:24,BTCUSDT,bid,66400,319.715
2024-07-30 00:25:24,BTCUSDT,bid,66400,319.641
2024-07-30 00:25:24,BTCUSDT,bid,66400,319.715
2024-07-30 00:25:25,BTCUSDT,bid,66400,320.568
2024-07-30 00:25:26,BTCUSDT,bid,66400,316.371
2024-07-30 00:25:26,BTCUSDT,bid,66400,316.376
2024-07-30 00:25:26,BTCUSDT,bid,66400,316.371
2024-07-30 00:25:27,BTCUSDT,bid,66400,315.757
2024-07-30 00:25:27,BTCUSDT,bid,66400,315.751
2024-07-30 00:25:27,BTCUSDT,bid,66400,315.751
2024-07-30 00:25:27,BTCUSDT,bid,66400,315.757
2024-07-30 00:25:27,BTCUSDT,bid,66400,315.754
2024-07-30 00:25:27,BTCUSDT,bid,66400,315.751
2024-07-30 00:25:28,BTCUSDT,bid,66400,310.487
2024-07-30 00:25:28,BTCUSDT,bid,66400,310.487
2024-07-30 00:25:28,BTCUSDT,bid,65700,310.489
2024-07-30 00:25:28,BTCUSDT,bid,66400,310.487
2024-07-30 00:25:28,BTCUSDT,bid,66400,310.489
2024-07-30 00:25:29,BTCUSDT,bid,66400,302.759
2024-07-30 00:25:29,BTCUSDT,bid,66400,302.757
2024-07-30 00:25:29,BTCUSDT,bid,66400,302.757
2024-07-30 00:26:10,BTCUSDT,ask,67200,302.761
2024-07-30 00:26:14,BTCUSDT,ask,69500,346.362
2024-07-30 00:26:40,BTCUSDT,ask,69500,346.366
2024-07-30 00:27:41,BTCUSDT,bid,60800,858.515
2024-07-30 00:27:55,BTCUSDT,ask,72100,430.56
2024-07-30 00:29:06,BTCUSDT,bid,60800,858.511
2024-07-30 00:29:28,BTCUSDT,bid,60800,858.515
2024-07-30 00:29:47,BTCUSDT,ask,72100,428.178
2024-07-30 00:30:37,BTCUSDT,bid,60800,858.518
2024-07-30 00:31:46,BTCUSDT,bid,60800,858.601
2024-07-30 00:31:57,BTCUSDT,bid,60800,858.518
2024-07-30 00:32:52,BTCUSDT,bid,60800,858.718
2024-07-30 00:33:24,BTCUSDT,ask,72100,427.97
2024-07-30 00:37:21,BTCUSDT,bid,66600,308.797
2024-07-30 00:37:21,BTCUSDT,bid,66500,308.814
2024-07-30 00:37:21,BTCUSDT,bid,66600,308.797
2024-07-30 00:37:21,BTCUSDT,bid,66600,308.804
2024-07-30 00:37:21,BTCUSDT,bid,66600,309.665
2024-07-30 00:37:22,BTCUSDT,bid,66500,306.296
2024-07-30 00:37:22,BTCUSDT,bid,66600,306.225
2024-07-30 00:37:22,BTCUSDT,bid,66500,306.224
2024-07-30 00:37:22,BTCUSDT,bid,66600,306.209
2024-07-30 00:37:22,BTCUSDT,bid,66600,306.21
2024-07-30 00:37:22,BTCUSDT,bid,66600,306.207
2024-07-30 00:37:23,BTCUSDT,bid,66600,300.194
2024-07-30 00:38:05,BTCUSDT,bid,66600,305.886
2024-07-30 00:38:05,BTCUSDT,bid,66600,305.886
2024-07-30 00:38:05,BTCUSDT,bid,66600,316.618
2024-07-30 00:38:06,BTCUSDT,bid,66600,316.65
2024-07-30 00:38:06,BTCUSDT,bid,66600,316.618
2024-07-30 00:38:06,BTCUSDT,bid,66600,316.616
2024-07-30 00:38:06,BTCUSDT,bid,66600,316.619
2024-07-30 00:38:07,BTCUSDT,bid,66600,330.626
2024-07-30 00:38:07,BTCUSDT,bid,66600,329.06
2024-07-30 00:38:08,BTCUSDT,bid,66600,340.463
2024-07-30 00:38:08,BTCUSDT,bid,66600,340.461
2024-07-30 00:38:08,BTCUSDT,bid,66600,340.461
2024-07-30 00:38:09,BTCUSDT,bid,66600,350.839
2024-07-30 00:38:09,BTCUSDT,bid,66600,350.839
2024-07-30 00:38:09,BTCUSDT,bid,66600,350.839
2024-07-30 00:38:09,BTCUSDT,bid,66600,350.839
2024-07-30 00:38:10,BTCUSDT,bid,66600,358.294
2024-07-30 00:38:10,BTCUSDT,bid,66600,358.296
2024-07-30 00:38:10,BTCUSDT,bid,66600,358.294
2024-07-30 00:38:10,BTCUSDT,bid,66600,358.296
2024-07-30 00:38:10,BTCUSDT,bid,66600,358.294
2024-07-30 00:38:10,BTCUSDT,bid,66600,358.294
2024-07-30 00:38:11,BTCUSDT,bid,66600,360.163
2024-07-30 00:38:11,BTCUSDT,bid,66600,359.917
2024-07-30 00:38:11,BTCUSDT,bid,66600,359.916
2024-07-30 00:38:11,BTCUSDT,bid,66600,359.914
2024-07-30 00:38:11,BTCUSDT,bid,66600,360.157
2024-07-30 00:38:11,BTCUSDT,bid,66600,359.917
2024-07-30 00:38:12,BTCUSDT,bid,66600,359.125
2024-07-30 00:38:13,BTCUSDT,bid,66500,358.711
2024-07-30 00:38:13,BTCUSDT,bid,66500,358.713
2024-07-30 00:38:13,BTCUSDT,bid,66500,358.713
2024-07-30 00:38:14,BTCUSDT,bid,66500,354.067
2024-07-30 00:38:14,BTCUSDT,bid,66500,354.265
2024-07-30 00:38:14,BTCUSDT,bid,66500,354.076
2024-07-30 00:38:15,BTCUSDT,bid,66500,346.251
2024-07-30 00:38:15,BTCUSDT,bid,66500,346.26
2024-07-30 00:38:15,BTCUSDT,bid,66500,340.866
2024-07-30 00:38:16,BTCUSDT,bid,66500,340.866
2024-07-30 00:38:17,BTCUSDT,bid,66500,334.031
2024-07-30 00:38:17,BTCUSDT,bid,66500,334.031
2024-07-30 00:38:17,BTCUSDT,bid,66500,334.042
2024-07-30 00:38:17,BTCUSDT,bid,66500,334.042
2024-07-30 00:38:17,BTCUSDT,bid,66500,334.031
2024-07-30 00:38:17,BTCUSDT,bid,66500,334.042
2024-07-30 00:38:17,BTCUSDT,bid,66500,334.031
2024-07-30 00:38:18,BTCUSDT,bid,66500,327.201
2024-07-30 00:38:18,BTCUSDT,bid,66500,327.179
2024-07-30 00:38:18,BTCUSDT,bid,66500,327.191
2024-07-30 00:38:18,BTCUSDT,bid,66500,327.22
2024-07-30 00:38:18,BTCUSDT,bid,66500,327.179
2024-07-30 00:38:18,BTCUSDT,bid,66500,327.201
2024-07-30 00:38:19,BTCUSDT,bid,66500,321.002
2024-07-30 00:38:19,BTCUSDT,bid,66500,321.002
2024-07-30 00:38:19,BTCUSDT,bid,66500,320.982
2024-07-30 00:38:20,BTCUSDT,bid,66500,314.211
2024-07-30 00:38:20,BTCUSDT,bid,66500,314.228
2024-07-30 00:38:21,BTCUSDT,bid,66500,306.824
2024-07-30 00:38:21,BTCUSDT,bid,66500,306.814
2024-07-30 00:38:21,BTCUSDT,bid,66500,306.802
2024-07-30 00:38:22,BTCUSDT,bid,66500,302.051
2024-07-30 00:38:22,BTCUSDT,bid,66500,302.06
2024-07-30 00:38:22,BTCUSDT,bid,66500,302.051
2024-07-30 00:38:24,BTCUSDT,bid,66500,303.017
2024-07-30 00:38:24,BTCUSDT,bid,66500,303.171
2024-07-30 00:38:24,BTCUSDT,bid,66500,304.783
2024-07-30 00:38:25,BTCUSDT,bid,66500,305.565
2024-07-30 00:38:25,BTCUSDT,bid,66500,305.56
2024-07-30 00:38:25,BTCUSDT,bid,66500,305.56
2024-07-30 00:38:26,BTCUSDT,bid,66500,305.385
2024-07-30 00:38:26,BTCUSDT,bid,66500,305.385
2024-07-30 00:38:26,BTCUSDT,bid,66500,305.385
2024-07-30 00:38:26,BTCUSDT,bid,66500,305.385
2024-07-30 00:38:27,BTCUSDT,bid,66500,307.88
2024-07-30 00:38:27,BTCUSDT,bid,66500,307.882
2024-07-30 00:38:27,BTCUSDT,bid,66500,307.902
2024-07-30 00:38:27,BTCUSDT,bid,66500,308.348
2024-07-30 00:38:27,BTCUSDT,bid,66500,307.88
2024-07-30 00:38:28,BTCUSDT,bid,66500,309.655
2024-07-30 00:38:28,BTCUSDT,bid,66500,309.655
2024-07-30 00:38:28,BTCUSDT,bid,66500,309.709
2024-07-30 00:38:29,BTCUSDT,bid,66500,310.485
2024-07-30 00:38:29,BTCUSDT,bid,66500,310.485
2024-07-30 00:38:29,BTCUSDT,bid,66500,310.431
2024-07-30 00:38:30,BTCUSDT,bid,66500,311.762
2024-07-30 00:38:30,BTCUSDT,bid,66500,311.294
2024-07-30 00:38:30,BTCUSDT,bid,66500,311.294
2024-07-30 00:38:30,BTCUSDT,bid,66500,311.294
2024-07-30 00:38:30,BTCUSDT,bid,66500,311.294
2024-07-30 00:38:31,BTCUSDT,bid,66500,312.411
2024-07-30 00:38:31,BTCUSDT,bid,66500,312.411
2024-07-30 00:38:31,BTCUSDT,bid,66500,312.433
2024-07-30 00:38:31,BTCUSDT,bid,66500,312.556
2024-07-30 00:38:32,BTCUSDT,bid,66500,314.61
2024-07-30 00:38:32,BTCUSDT,bid,66500,314.61
2024-07-30 00:38:32,BTCUSDT,bid,66500,314.61
2024-07-30 00:38:33,BTCUSDT,bid,66500,314.159
2024-07-30 00:38:33,BTCUSDT,bid,66500,314.159
2024-07-30 00:38:33,BTCUSDT,bid,66500,314.159
2024-07-30 00:38:33,BTCUSDT,bid,66500,314.181
2024-07-30 00:38:34,BTCUSDT,bid,66500,308.836
2024-07-30 00:38:34,BTCUSDT,bid,66500,308.824
2024-07-30 00:38:34,BTCUSDT,bid,66500,308.836
2024-07-30 00:38:34,BTCUSDT,bid,66500,308.814
2024-07-30 00:38:34,BTCUSDT,bid,66500,308.814
2024-07-30 00:38:35,BTCUSDT,bid,66500,307.004
2024-07-30 00:38:35,BTCUSDT,bid,66500,306.982
2024-07-30 00:38:35,BTCUSDT,bid,66500,306.992
2024-07-30 00:38:35,BTCUSDT,bid,66500,306.982
2024-07-30 00:38:36,BTCUSDT,bid,66500,307.278
2024-07-30 00:38:36,BTCUSDT,bid,66500,307.282
2024-07-30 00:38:36,BTCUSDT,bid,66500,307.501
2024-07-30 00:38:36,BTCUSDT,bid,66500,307.781
2024-07-30 00:38:37,BTCUSDT,bid,66500,307.981
2024-07-30 00:38:37,BTCUSDT,bid,66500,307.756
2024-07-30 00:38:37,BTCUSDT,bid,66500,307.756
2024-07-30 00:38:37,BTCUSDT,bid,66500,309.878
2024-07-30 00:38:38,BTCUSDT,bid,66500,308.294
2024-07-30 00:38:38,BTCUSDT,bid,66500,308.976
2024-07-30 00:38:38,BTCUSDT,bid,66500,309.473
2024-07-30 00:38:39,BTCUSDT,bid,66500,309.824
2024-07-30 00:38:39,BTCUSDT,bid,66500,309.783
2024-07-30 00:38:39,BTCUSDT,bid,66500,309.791
2024-07-30 00:38:39,BTCUSDT,bid,66500,309.783
2024-07-30 00:38:39,BTCUSDT,bid,66500,310.321
2024-07-30 00:38:40,BTCUSDT,bid,66500,311.409
2024-07-30 00:38:40,BTCUSDT,bid,66500,311.184
2024-07-30 00:38:41,BTCUSDT,bid,66500,310.691
2024-07-30 00:38:41,BTCUSDT,bid,66500,311.463
2024-07-30 00:38:41,BTCUSDT,bid,66500,310.69
2024-07-30 00:38:41,BTCUSDT,bid,66500,310.734
2024-07-30 00:38:41,BTCUSDT,bid,66500,310.69
2024-07-30 00:38:42,BTCUSDT,bid,66500,307.855
2024-07-30 00:38:42,BTCUSDT,bid,66500,308.382
2024-07-30 00:38:42,BTCUSDT,bid,66400,307.87
2024-07-30 00:38:43,BTCUSDT,bid,66500,305.031
2024-07-30 00:38:43,BTCUSDT,bid,66500,305.031
2024-07-30 00:38:44,BTCUSDT,bid,66500,303.827
2024-07-30 00:38:44,BTCUSDT,bid,66500,304.011
2024-07-30 00:38:44,BTCUSDT,bid,66500,305.37
2024-07-30 00:38:45,BTCUSDT,bid,66500,305.384
2024-07-30 00:38:45,BTCUSDT,bid,66400,305.148
2024-07-30 00:38:45,BTCUSDT,bid,66500,305.384
2024-07-30 00:38:45,BTCUSDT,bid,66500,305.145
2024-07-30 00:38:45,BTCUSDT,bid,66500,305.163
2024-07-30 00:38:45,BTCUSDT,bid,66500,305.145
2024-07-30 00:38:46,BTCUSDT,bid,66500,303.664
2024-07-30 00:38:46,BTCUSDT,bid,66500,303.666
2024-07-30 00:38:46,BTCUSDT,bid,66500,305.437
2024-07-30 00:38:46,BTCUSDT,bid,66500,304.441
2024-07-30 00:38:46,BTCUSDT,bid,66500,303.668
2024-07-30 00:38:47,BTCUSDT,bid,66500,302.383
2024-07-30 00:38:47,BTCUSDT,bid,66500,302.605
2024-07-30 00:38:47,BTCUSDT,bid,66500,302.605
2024-07-30 00:38:48,BTCUSDT,bid,66500,300.846
2024-07-30 00:38:48,BTCUSDT,bid,66500,301.067
2024-07-30 00:38:49,BTCUSDT,bid,66500,301.586
2024-07-30 00:38:49,BTCUSDT,bid,66500,301.63
2024-07-30 00:38:49,BTCUSDT,bid,66500,301.581
2024-07-30 00:38:49,BTCUSDT,bid,66500,302.049
2024-07-30 00:38:49,BTCUSDT,bid,66500,301.609
2024-07-30 00:38:49,BTCUSDT,bid,66500,301.584
2024-07-30 00:38:50,BTCUSDT,bid,66500,302.548
2024-07-30 00:38:50,BTCUSDT,bid,66600,302.554
2024-07-30 00:38:50,BTCUSDT,bid,66600,302.554
2024-07-30 00:38:50,BTCUSDT,bid,66500,302.561
2024-07-30 00:38:50,BTCUSDT,bid,66500,302.551
2024-07-30 00:38:51,BTCUSDT,bid,66600,304.306
2024-07-30 00:38:51,BTCUSDT,bid,66500,304.304
2024-07-30 00:38:51,BTCUSDT,bid,66500,304.307
2024-07-30 00:38:52,BTCUSDT,bid,66500,306.723
2024-07-30 00:38:52,BTCUSDT,bid,66500,306.773
2024-07-30 00:38:53,BTCUSDT,bid,66500,309.934
2024-07-30 00:38:53,BTCUSDT,bid,66500,309.939
2024-07-30 00:38:53,BTCUSDT,bid,66500,309.961
2024-07-30 00:38:53,BTCUSDT,bid,66500,309.933
2024-07-30 00:38:53,BTCUSDT,bid,66500,309.935
2024-07-30 00:38:53,BTCUSDT,bid,66500,310.401
2024-07-30 00:38:53,BTCUSDT,bid,66500,323.448
2024-07-30 00:38:54,BTCUSDT,bid,66500,315.124
2024-07-30 00:38:55,BTCUSDT,bid,66500,319.945
2024-07-30 00:38:55,BTCUSDT,bid,66500,319.939
2024-07-30 00:38:55,BTCUSDT,bid,66500,319.935
2024-07-30 00:38:55,BTCUSDT,bid,66500,319.944
2024-07-30 00:38:56,BTCUSDT,bid,66500,324.028
2024-07-30 00:38:56,BTCUSDT,bid,66500,337.543
2024-07-30 00:38:56,BTCUSDT,bid,66500,324.028
2024-07-30 00:38:56,BTCUSDT,bid,66500,324.031
2024-07-30 00:38:57,BTCUSDT,bid,66500,326.352
2024-07-30 00:38:57,BTCUSDT,bid,66500,327.128
2024-07-30 00:38:58,BTCUSDT,bid,66500,328.737
2024-07-30 00:38:58,BTCUSDT,bid,66500,328.737
2024-07-30 00:38:58,BTCUSDT,bid,66500,328.737
2024-07-30 00:38:58,BTCUSDT,bid,66500,328.748
2024-07-30 00:38:58,BTCUSDT,bid,66500,328.748
2024-07-30 00:38:59,BTCUSDT,bid,66500,329.81
2024-07-30 00:38:59,BTCUSDT,bid,66500,329.818
2024-07-30 00:38:59,BTCUSDT,bid,66500,329.81
2024-07-30 00:38:59,BTCUSDT,bid,66500,329.81
2024-07-30 00:38:59,BTCUSDT,bid,66500,329.857
2024-07-30 00:38:59,BTCUSDT,bid,66500,329.807
2024-07-30 00:39:00,BTCUSDT,bid,66500,335.914
2024-07-30 00:39:00,BTCUSDT,bid,66500,335.911
2024-07-30 00:39:00,BTCUSDT,bid,66500,335.911
2024-07-30 00:39:01,BTCUSDT,bid,66600,337.132
2024-07-30 00:39:01,BTCUSDT,bid,66600,337.132
2024-07-30 00:39:01,BTCUSDT,bid,66600,339.104
2024-07-30 00:39:01,BTCUSDT,bid,66600,337.17
2024-07-30 00:39:02,BTCUSDT,bid,66500,337.595
2024-07-30 00:39:02,BTCUSDT,bid,66500,338.374
2024-07-30 00:39:02,BTCUSDT,bid,66500,337.636
2024-07-30 00:39:02,BTCUSDT,bid,66500,337.595
2024-07-30 00:39:03,BTCUSDT,bid,66500,333.769
2024-07-30 00:39:03,BTCUSDT,bid,66500,333.769
2024-07-30 00:39:04,BTCUSDT,bid,66400,332.336
2024-07-30 00:39:04,BTCUSDT,bid,66500,332.336
2024-07-30 00:39:04,BTCUSDT,bid,66500,332.336
2024-07-30 00:39:04,BTCUSDT,bid,66500,327.207
2024-07-30 00:39:05,BTCUSDT,bid,66500,327.166
2024-07-30 00:39:05,BTCUSDT,bid,66400,327.166
2024-07-30 00:39:05,BTCUSDT,bid,66500,327.166
2024-07-30 00:39:05,BTCUSDT,bid,66500,327.176
2024-07-30 00:39:05,BTCUSDT,bid,66500,327.174
2024-07-30 00:39:06,BTCUSDT,bid,66500,323.19
2024-07-30 00:39:06,BTCUSDT,bid,66500,323.033
2024-07-30 00:39:06,BTCUSDT,bid,66500,323.027
2024-07-30 00:39:07,BTCUSDT,bid,66500,320.244
2024-07-30 00:39:07,BTCUSDT,bid,66500,320.24
2024-07-30 00:39:07,BTCUSDT,bid,66500,321.019
2024-07-30 00:39:07,BTCUSDT,bid,66500,321.019
2024-07-30 00:39:07,BTCUSDT,bid,66500,320.708
2024-07-30 00:39:07,BTCUSDT,bid,66500,322.015
2024-07-30 00:39:07,BTCUSDT,bid,66500,320.24
2024-07-30 00:39:08,BTCUSDT,bid,66500,317.994
2024-07-30 00:39:08,BTCUSDT,bid,66500,317.994
2024-07-30 00:39:08,BTCUSDT,bid,66500,317.994
2024-07-30 00:39:08,BTCUSDT,bid,66500,317.994
2024-07-30 00:39:09,BTCUSDT,bid,66500,312.537
2024-07-30 00:39:09,BTCUSDT,bid,66500,302.533
2024-07-30 00:39:10,BTCUSDT,bid,66500,301.754
2024-07-30 00:39:10,BTCUSDT,bid,66500,301.76
2024-07-30 00:39:10,BTCUSDT,bid,66500,301.754
2024-07-30 00:39:10,BTCUSDT,bid,66500,301.754
2024-07-30 00:46:49,BTCUSDT,bid,60800,858.713
2024-07-30 00:47:24,BTCUSDT,bid,66700,302.992
2024-07-30 00:47:24,BTCUSDT,bid,66700,302.992
2024-07-30 00:47:24,BTCUSDT,bid,66700,302.993
2024-07-30 00:47:24,BTCUSDT,bid,66700,303.32
2024-07-30 00:47:24,BTCUSDT,bid,66700,303.01
2024-07-30 00:47:24,BTCUSDT,bid,66700,302.99
2024-07-30 00:47:24,BTCUSDT,bid,66700,301.287
2024-07-30 00:47:25,BTCUSDT,bid,66700,301.283
2024-07-30 00:47:25,BTCUSDT,bid,66700,301.283
2024-07-30 00:47:25,BTCUSDT,bid,66700,301.283
2024-07-30 00:47:25,BTCUSDT,bid,66700,301.283
2024-07-30 00:47:25,BTCUSDT,bid,66700,301.283
2024-07-30 00:47:26,BTCUSDT,bid,66700,300.599
2024-07-30 00:47:26,BTCUSDT,bid,66700,300.111
2024-07-30 00:47:26,BTCUSDT,bid,66700,300.118
2024-07-30 00:47:26,BTCUSDT,bid,66700,300.113
2024-07-30 00:47:26,BTCUSDT,bid,66700,300.115
2024-07-30 00:47:26,BTCUSDT,bid,66700,300.133
2024-07-30 00:47:26,BTCUSDT,bid,66700,300.111
2024-07-30 00:47:29,BTCUSDT,bid,66700,300.284
2024-07-30 00:47:29,BTCUSDT,bid,66700,300.284
2024-07-30 00:47:29,BTCUSDT,bid,66700,300.715
2024-07-30 00:47:29,BTCUSDT,bid,66700,300.284
2024-07-30 00:47:32,BTCUSDT,bid,66700,302.29
2024-07-30 00:47:32,BTCUSDT,bid,66700,302.29
2024-07-30 00:47:32,BTCUSDT,bid,66700,302.29
2024-07-30 00:47:32,BTCUSDT,bid,66600,302.469
2024-07-30 00:47:32,BTCUSDT,bid,66700,302.29
2024-07-30 00:47:32,BTCUSDT,bid,66700,302.29
2024-07-30 00:47:32,BTCUSDT,bid,66700,302.29
2024-07-30 00:47:33,BTCUSDT,bid,66700,304.24
2024-07-30 00:47:33,BTCUSDT,bid,66700,304.24
2024-07-30 00:47:33,BTCUSDT,bid,66600,304.28
2024-07-30 00:47:33,BTCUSDT,bid,66700,304.24
2024-07-30 00:47:33,BTCUSDT,bid,66700,304.24
2024-07-30 00:47:33,BTCUSDT,bid,66600,307.358
2024-07-30 00:47:34,BTCUSDT,bid,66700,307.356
2024-07-30 00:47:34,BTCUSDT,bid,66700,307.356
2024-07-30 00:47:34,BTCUSDT,bid,66700,307.356
2024-07-30 00:47:34,BTCUSDT,bid,66700,307.356
2024-07-30 00:47:34,BTCUSDT,bid,66700,307.356
2024-07-30 00:47:34,BTCUSDT,bid,66700,307.356
2024-07-30 00:47:34,BTCUSDT,bid,66700,307.356
2024-07-30 00:47:35,BTCUSDT,bid,66700,312.497
2024-07-30 00:47:35,BTCUSDT,bid,66700,312.497
2024-07-30 00:47:35,BTCUSDT,bid,66700,312.497
2024-07-30 00:47:35,BTCUSDT,bid,66700,312.6
2024-07-30 00:47:35,BTCUSDT,bid,66700,312.519
2024-07-30 00:47:35,BTCUSDT,bid,66600,312.497
2024-07-30 00:47:36,BTCUSDT,bid,66700,318.697
2024-07-30 00:47:36,BTCUSDT,bid,66700,318.54
2024-07-30 00:47:36,BTCUSDT,bid,66700,318.536
2024-07-30 00:47:36,BTCUSDT,bid,66600,318.543
2024-07-30 00:47:36,BTCUSDT,bid,66700,318.536
2024-07-30 00:47:36,BTCUSDT,bid,66700,318.534
2024-07-30 00:47:37,BTCUSDT,bid,66700,329.127
2024-07-30 00:47:37,BTCUSDT,bid,66700,329.127
2024-07-30 00:47:37,BTCUSDT,bid,66700,330.711
2024-07-30 00:47:37,BTCUSDT,bid,66700,329.127
2024-07-30 00:47:38,BTCUSDT,bid,66700,338.331
2024-07-30 00:47:38,BTCUSDT,bid,66700,338.331
2024-07-30 00:47:38,BTCUSDT,bid,66600,338.331
2024-07-30 00:47:38,BTCUSDT,bid,66700,338.331
2024-07-30 00:47:38,BTCUSDT,bid,66700,338.331
2024-07-30 00:47:39,BTCUSDT,bid,66700,348.336
2024-07-30 00:47:39,BTCUSDT,bid,66700,348.323
2024-07-30 00:47:39,BTCUSDT,bid,66700,348.323
2024-07-30 00:47:39,BTCUSDT,bid,66700,348.323
2024-07-30 00:47:40,BTCUSDT,bid,66700,358.465
2024-07-30 00:47:40,BTCUSDT,bid,66600,358.467
2024-07-30 00:47:40,BTCUSDT,bid,66600,358.465
2024-07-30 00:47:40,BTCUSDT,bid,66600,358.465
2024-07-30 00:47:41,BTCUSDT,bid,66600,368.769
2024-07-30 00:47:41,BTCUSDT,bid,66700,369.201
2024-07-30 00:47:41,BTCUSDT,bid,66700,368.783
2024-07-30 00:47:41,BTCUSDT,bid,66700,369.201
2024-07-30 00:47:42,BTCUSDT,bid,66600,366.891
2024-07-30 00:47:42,BTCUSDT,bid,66700,367.32
2024-07-30 00:47:42,BTCUSDT,bid,66700,366.913
2024-07-30 00:47:42,BTCUSDT,bid,66700,366.888
2024-07-30 00:47:43,BTCUSDT,bid,66700,366.751
2024-07-30 00:47:43,BTCUSDT,bid,66700,366.772
2024-07-30 00:47:43,BTCUSDT,bid,66600,366.747
2024-07-30 00:47:43,BTCUSDT,bid,66600,366.747
2024-07-30 00:47:43,BTCUSDT,bid,66700,366.772
2024-07-30 00:47:43,BTCUSDT,bid,66700,366.747
2024-07-30 00:47:43,BTCUSDT,bid,66600,366.752
2024-07-30 00:47:44,BTCUSDT,bid,66700,361.218
2024-07-30 00:47:44,BTCUSDT,bid,66600,360.786
2024-07-30 00:47:44,BTCUSDT,bid,66700,361.115
2024-07-30 00:47:44,BTCUSDT,bid,66700,360.786
2024-07-30 00:47:45,BTCUSDT,bid,66700,356.112
2024-07-30 00:47:45,BTCUSDT,bid,66700,356.137
2024-07-30 00:47:45,BTCUSDT,bid,66700,356.112
2024-07-30 00:47:45,BTCUSDT,bid,66700,356.121
2024-07-30 00:47:45,BTCUSDT,bid,66700,356.407
2024-07-30 00:47:45,BTCUSDT,bid,66600,356.112
2024-07-30 00:47:45,BTCUSDT,bid,66700,349.438
2024-07-30 00:47:46,BTCUSDT,bid,66700,362.948
2024-07-30 00:47:46,BTCUSDT,bid,66700,349.441
2024-07-30 00:47:46,BTCUSDT,bid,66600,349.477
2024-07-30 00:47:46,BTCUSDT,bid,66700,349.926
2024-07-30 00:47:46,BTCUSDT,bid,66600,349.477
2024-07-30 00:47:47,BTCUSDT,bid,66700,339.42
2024-07-30 00:47:47,BTCUSDT,bid,66700,339.42
2024-07-30 00:47:47,BTCUSDT,bid,66700,338.993
2024-07-30 00:47:47,BTCUSDT,bid,66700,338.932
2024-07-30 00:47:47,BTCUSDT,bid,66700,338.932
2024-07-30 00:47:47,BTCUSDT,bid,66600,338.935
2024-07-30 00:47:47,BTCUSDT,bid,66700,326.006
2024-07-30 00:47:48,BTCUSDT,bid,66700,326.006
2024-07-30 00:47:48,BTCUSDT,bid,66700,326.006
2024-07-30 00:47:48,BTCUSDT,bid,66700,326.006
2024-07-30 00:47:49,BTCUSDT,bid,66700,310.379
2024-07-30 00:47:49,BTCUSDT,bid,66700,310.379
2024-07-30 00:47:49,BTCUSDT,bid,66600,310.381
2024-07-30 00:47:56,BTCUSDT,bid,66600,307.176
2024-07-30 00:47:57,BTCUSDT,bid,66700,307.176
2024-07-30 00:47:57,BTCUSDT,bid,66700,307.176
2024-07-30 00:47:57,BTCUSDT,bid,66700,307.178
2024-07-30 00:47:57,BTCUSDT,bid,66700,307.188
2024-07-30 00:47:58,BTCUSDT,bid,66700,320.411
2024-07-30 00:47:58,BTCUSDT,bid,66700,320.399
2024-07-30 00:47:58,BTCUSDT,bid,66700,320.401
2024-07-30 00:47:58,BTCUSDT,bid,66700,320.399
2024-07-30 00:47:58,BTCUSDT,bid,66700,320.399
2024-07-30 00:47:58,BTCUSDT,bid,66700,334.534
2024-07-30 00:47:59,BTCUSDT,bid,66700,334.534
2024-07-30 00:47:59,BTCUSDT,bid,66700,334.534
2024-07-30 00:47:59,BTCUSDT,bid,66700,334.558
2024-07-30 00:47:59,BTCUSDT,bid,66700,334.534
2024-07-30 00:47:59,BTCUSDT,bid,66700,334.536
2024-07-30 00:48:00,BTCUSDT,bid,66700,350.015
2024-07-30 00:48:00,BTCUSDT,bid,66700,350.06
2024-07-30 00:48:00,BTCUSDT,bid,66600,350.024
2024-07-30 00:48:00,BTCUSDT,bid,66700,350.017
2024-07-30 00:48:00,BTCUSDT,bid,66700,354.612
2024-07-30 00:48:01,BTCUSDT,bid,66700,354.614
2024-07-30 00:48:01,BTCUSDT,bid,66700,373.586
2024-07-30 00:48:02,BTCUSDT,bid,66700,350.36
2024-07-30 00:48:02,BTCUSDT,bid,66700,350.36
2024-07-30 00:48:02,BTCUSDT,bid,66700,350.463
2024-07-30 00:48:02,BTCUSDT,bid,66700,350.36
2024-07-30 00:48:02,BTCUSDT,bid,66700,350.362
2024-07-30 00:48:03,BTCUSDT,bid,66700,354.332
2024-07-30 00:48:03,BTCUSDT,bid,66700,354.332
2024-07-30 00:48:03,BTCUSDT,bid,66700,354.336
2024-07-30 00:48:03,BTCUSDT,bid,66700,354.357
2024-07-30 00:48:03,BTCUSDT,bid,66700,354.332
2024-07-30 00:48:03,BTCUSDT,bid,66700,354.334
2024-07-30 00:48:03,BTCUSDT,bid,66600,354.332
2024-07-30 00:48:04,BTCUSDT,bid,66700,357.543
2024-07-30 00:48:04,BTCUSDT,bid,66700,357.541
2024-07-30 00:48:04,BTCUSDT,bid,66700,357.973
2024-07-30 00:48:04,BTCUSDT,bid,66700,357.541
2024-07-30 00:48:04,BTCUSDT,bid,66700,357.543
2024-07-30 00:48:04,BTCUSDT,bid,66600,362.196
2024-07-30 00:48:05,BTCUSDT,bid,66700,362.196
2024-07-30 00:48:05,BTCUSDT,bid,66700,362.198
2024-07-30 00:48:05,BTCUSDT,bid,66700,362.196
2024-07-30 00:48:05,BTCUSDT,bid,66700,362.196
2024-07-30 00:48:05,BTCUSDT,bid,66700,362.196
2024-07-30 00:48:06,BTCUSDT,bid,66700,372.324
2024-07-30 00:48:06,BTCUSDT,bid,66700,372.324
2024-07-30 00:48:06,BTCUSDT,bid,66700,372.324
2024-07-30 00:48:06,BTCUSDT,bid,66700,370.234
2024-07-30 00:48:07,BTCUSDT,bid,66700,370.232
2024-07-30 00:48:07,BTCUSDT,bid,66700,370.232
2024-07-30 00:48:07,BTCUSDT,bid,66700,370.232
2024-07-30 00:48:07,BTCUSDT,bid,66700,370.232
2024-07-30 00:48:07,BTCUSDT,bid,66700,370.232
2024-07-30 00:48:08,BTCUSDT,bid,66700,365.441
2024-07-30 00:48:08,BTCUSDT,bid,66700,365.304
2024-07-30 00:48:08,BTCUSDT,bid,66700,365.304
2024-07-30 00:48:08,BTCUSDT,bid,66700,365.306
2024-07-30 00:48:08,BTCUSDT,bid,66700,365.308
2024-07-30 00:48:08,BTCUSDT,bid,66700,359.12
2024-07-30 00:48:09,BTCUSDT,bid,66700,359.107
2024-07-30 00:48:09,BTCUSDT,bid,66700,359.107
2024-07-30 00:48:09,BTCUSDT,bid,66700,359.112
2024-07-30 00:48:09,BTCUSDT,bid,66700,359.107
2024-07-30 00:48:09,BTCUSDT,bid,66700,359.107
2024-07-30 00:48:10,BTCUSDT,bid,66700,350.971
2024-07-30 00:48:10,BTCUSDT,bid,66700,352.547
2024-07-30 00:48:10,BTCUSDT,bid,66700,350.965
2024-07-30 00:48:10,BTCUSDT,bid,66700,350.963
2024-07-30 00:48:10,BTCUSDT,bid,66700,350.967
2024-07-30 00:48:10,BTCUSDT,bid,66700,350.971
2024-07-30 00:48:11,BTCUSDT,bid,66700,344.983
2024-07-30 00:48:11,BTCUSDT,bid,66700,344.983
2024-07-30 00:48:11,BTCUSDT,bid,66700,345.008
2024-07-30 00:48:12,BTCUSDT,bid,66700,343.234
2024-07-30 00:48:12,BTCUSDT,bid,66700,343.234
2024-07-30 00:48:12,BTCUSDT,bid,66700,343.234
2024-07-30 00:48:13,BTCUSDT,bid,66700,340.62
2024-07-30 00:48:13,BTCUSDT,bid,66700,340.606
2024-07-30 00:48:14,BTCUSDT,bid,66600,341.997
2024-07-30 00:48:14,BTCUSDT,bid,66700,363.092
2024-07-30 00:48:14,BTCUSDT,bid,66600,341.999
2024-07-30 00:48:14,BTCUSDT,bid,66700,363.092
2024-07-30 00:48:14,BTCUSDT,bid,66700,341.997
2024-07-30 00:48:15,BTCUSDT,bid,66600,339.983
2024-07-30 00:48:15,BTCUSDT,bid,66600,339.979
2024-07-30 00:48:15,BTCUSDT,bid,66600,339.977
2024-07-30 00:48:16,BTCUSDT,bid,66700,336.328
2024-07-30 00:48:16,BTCUSDT,bid,66700,336.328
2024-07-30 00:48:16,BTCUSDT,bid,66700,336.348
2024-07-30 00:48:16,BTCUSDT,bid,66700,336.328
2024-07-30 00:48:17,BTCUSDT,bid,66600,331.183
2024-07-30 00:48:17,BTCUSDT,bid,66700,331.178
2024-07-30 00:48:17,BTCUSDT,bid,66700,331.18
2024-07-30 00:48:17,BTCUSDT,bid,66700,331.18
2024-07-30 00:48:18,BTCUSDT,bid,66700,329.382
2024-07-30 00:48:18,BTCUSDT,bid,66700,329.385
2024-07-30 00:48:19,BTCUSDT,bid,66700,329.061
2024-07-30 00:48:19,BTCUSDT,bid,66700,329.051
2024-07-30 00:48:19,BTCUSDT,bid,66700,329.049
2024-07-30 00:48:19,BTCUSDT,bid,66700,329.053
2024-07-30 00:48:20,BTCUSDT,bid,66700,328.196
2024-07-30 00:48:20,BTCUSDT,bid,66600,328.198
2024-07-30 00:48:20,BTCUSDT,bid,66700,328.193
2024-07-30 00:48:20,BTCUSDT,bid,66700,329.777
2024-07-30 00:48:21,BTCUSDT,bid,66700,328.029
2024-07-30 00:48:21,BTCUSDT,bid,66600,328.032
2024-07-30 00:48:21,BTCUSDT,bid,66700,328.029
2024-07-30 00:48:21,BTCUSDT,bid,66600,328.029
2024-07-30 00:48:21,BTCUSDT,bid,66700,328.029
2024-07-30 00:48:21,BTCUSDT,bid,66700,328.029
2024-07-30 00:48:21,BTCUSDT,bid,66700,329.613
2024-07-30 00:48:21,BTCUSDT,bid,66700,328.032
2024-07-30 00:48:22,BTCUSDT,bid,66700,326.213
2024-07-30 00:48:22,BTCUSDT,bid,66700,326.216
2024-07-30 00:48:22,BTCUSDT,bid,66700,326.211
2024-07-30 00:48:22,BTCUSDT,bid,66700,326.348
2024-07-30 00:48:22,BTCUSDT,bid,66700,326.213
2024-07-30 00:48:22,BTCUSDT,bid,66700,326.211
2024-07-30 00:48:23,BTCUSDT,bid,66600,326.55
2024-07-30 00:48:23,BTCUSDT,bid,66700,326.55
2024-07-30 00:48:23,BTCUSDT,bid,66700,326.553
2024-07-30 00:48:23,BTCUSDT,bid,66700,326.552
2024-07-30 00:48:23,BTCUSDT,bid,66700,325.987
2024-07-30 00:48:24,BTCUSDT,bid,66700,326.012
2024-07-30 00:48:24,BTCUSDT,bid,66700,326.012
2024-07-30 00:48:24,BTCUSDT,bid,66600,325.989
2024-07-30 00:48:25,BTCUSDT,bid,66700,326.695
2024-07-30 00:48:25,BTCUSDT,bid,66700,326.699
2024-07-30 00:48:25,BTCUSDT,bid,66700,326.695
2024-07-30 00:48:25,BTCUSDT,bid,66600,325.366
2024-07-30 00:48:26,BTCUSDT,bid,66700,325.366
2024-07-30 00:48:26,BTCUSDT,bid,66700,325.366
2024-07-30 00:48:26,BTCUSDT,bid,66700,325.366
2024-07-30 00:48:26,BTCUSDT,bid,66700,325.366
2024-07-30 00:48:26,BTCUSDT,bid,66700,325.391
2024-07-30 00:48:26,BTCUSDT,bid,66600,325.369
2024-07-30 00:48:26,BTCUSDT,bid,66700,325.366
2024-07-30 00:48:27,BTCUSDT,bid,66700,325.366
2024-07-30 00:48:27,BTCUSDT,bid,66700,327.713
2024-07-30 00:48:27,BTCUSDT,bid,66700,327.713
2024-07-30 00:48:27,BTCUSDT,bid,66700,327.715
2024-07-30 00:48:28,BTCUSDT,bid,66700,332.754
2024-07-30 00:48:28,BTCUSDT,bid,66700,332.752
2024-07-30 00:48:28,BTCUSDT,bid,66600,332.752
2024-07-30 00:48:28,BTCUSDT,bid,66700,332.752
2024-07-30 00:48:28,BTCUSDT,bid,66700,334.336
2024-07-30 00:48:28,BTCUSDT,bid,66700,337.294
2024-07-30 00:48:29,BTCUSDT,bid,66700,337.287
2024-07-30 00:48:29,BTCUSDT,bid,66700,337.284
2024-07-30 00:48:29,BTCUSDT,bid,66700,337.309
2024-07-30 00:48:29,BTCUSDT,bid,66700,338.868
2024-07-30 00:48:29,BTCUSDT,bid,66700,337.284
2024-07-30 00:48:30,BTCUSDT,bid,66700,342.82
2024-07-30 00:48:30,BTCUSDT,bid,66700,342.82
2024-07-30 00:48:30,BTCUSDT,bid,66700,344.404
2024-07-30 00:48:30,BTCUSDT,bid,66700,342.82
2024-07-30 00:48:30,BTCUSDT,bid,66700,342.82
2024-07-30 00:48:30,BTCUSDT,bid,66700,345.239
2024-07-30 00:48:31,BTCUSDT,bid,66700,345.239
2024-07-30 00:48:31,BTCUSDT,bid,66700,345.239
2024-07-30 00:48:31,BTCUSDT,bid,66700,345.239
2024-07-30 00:48:31,BTCUSDT,bid,66700,345.239
2024-07-30 00:48:31,BTCUSDT,bid,66700,345.239
2024-07-30 00:48:32,BTCUSDT,bid,66600,349.895
2024-07-30 00:48:32,BTCUSDT,bid,66700,349.895
2024-07-30 00:48:32,BTCUSDT,bid,66700,349.895
2024-07-30 00:48:32,BTCUSDT,bid,66700,349.895
2024-07-30 00:48:33,BTCUSDT,bid,66700,352.837
2024-07-30 00:48:33,BTCUSDT,bid,66700,352.837
2024-07-30 00:48:33,BTCUSDT,bid,66600,352.847
2024-07-30 00:48:33,BTCUSDT,bid,66700,352.837
2024-07-30 00:48:34,BTCUSDT,bid,66700,359.728
2024-07-30 00:48:34,BTCUSDT,bid,66700,359.728
2024-07-30 00:48:34,BTCUSDT,bid,66700,359.728
2024-07-30 00:48:34,BTCUSDT,bid,66700,356.823
2024-07-30 00:48:35,BTCUSDT,bid,66700,356.823
2024-07-30 00:48:35,BTCUSDT,bid,66700,356.823
2024-07-30 00:48:35,BTCUSDT,bid,66700,356.823
2024-07-30 00:48:35,BTCUSDT,bid,66700,356.572
2024-07-30 00:48:35,BTCUSDT,bid,66700,354.26
2024-07-30 00:48:36,BTCUSDT,bid,66700,353.776
2024-07-30 00:48:36,BTCUSDT,bid,66700,354.26
2024-07-30 00:48:36,BTCUSDT,bid,66700,354.26
2024-07-30 00:48:36,BTCUSDT,bid,66700,353.772
2024-07-30 00:48:37,BTCUSDT,bid,66700,349.383
2024-07-30 00:48:37,BTCUSDT,bid,66700,348.895
2024-07-30 00:48:37,BTCUSDT,bid,66600,348.895
2024-07-30 00:48:37,BTCUSDT,bid,66700,350.843
2024-07-30 00:48:37,BTCUSDT,bid,66700,348.895
2024-07-30 00:48:37,BTCUSDT,bid,66700,342.106
2024-07-30 00:48:38,BTCUSDT,bid,66700,341.869
2024-07-30 00:48:38,BTCUSDT,bid,66700,341.869
2024-07-30 00:48:38,BTCUSDT,bid,66700,343.817
2024-07-30 00:48:38,BTCUSDT,bid,66700,341.871
2024-07-30 00:48:39,BTCUSDT,bid,66700,337.867
2024-07-30 00:48:39,BTCUSDT,bid,66600,338.063
2024-07-30 00:48:39,BTCUSDT,bid,66700,337.863
2024-07-30 00:48:39,BTCUSDT,bid,66700,337.867
2024-07-30 00:48:39,BTCUSDT,bid,66700,337.866
2024-07-30 00:48:39,BTCUSDT,bid,66700,337.871
2024-07-30 00:48:39,BTCUSDT,bid,66700,337.866
2024-07-30 00:48:40,BTCUSDT,bid,66700,338.143
2024-07-30 00:48:40,BTCUSDT,bid,66700,338.311
2024-07-30 00:48:40,BTCUSDT,bid,66700,338.145
2024-07-30 00:48:40,BTCUSDT,bid,66700,338.146
2024-07-30 00:48:41,BTCUSDT,bid,66700,336.457
2024-07-30 00:48:41,BTCUSDT,bid,66700,336.457
2024-07-30 00:48:41,BTCUSDT,bid,66700,336.457
2024-07-30 00:48:41,BTCUSDT,bid,66700,336.945
2024-07-30 00:48:41,BTCUSDT,bid,66700,336.457
2024-07-30 00:48:41,BTCUSDT,bid,66700,336.457
2024-07-30 00:48:41,BTCUSDT,bid,66700,336.862
2024-07-30 00:48:41,BTCUSDT,bid,66700,336.46
2024-07-30 00:48:42,BTCUSDT,bid,66700,334.455
2024-07-30 00:48:42,BTCUSDT,bid,66700,334.928
2024-07-30 00:48:42,BTCUSDT,bid,66700,334.451
2024-07-30 00:48:43,BTCUSDT,bid,66700,334.05
2024-07-30 00:48:43,BTCUSDT,bid,66700,332.834
2024-07-30 00:48:43,BTCUSDT,bid,66700,332.466
2024-07-30 00:48:43,BTCUSDT,bid,66700,332.466
2024-07-30 00:48:43,BTCUSDT,bid,66700,332.515
2024-07-30 00:48:44,BTCUSDT,bid,66700,326.618
2024-07-30 00:48:44,BTCUSDT,bid,66700,326.618
2024-07-30 00:48:44,BTCUSDT,bid,66700,326.783
2024-07-30 00:48:44,BTCUSDT,bid,66700,330.863
2024-07-30 00:48:45,BTCUSDT,bid,66700,330.859
2024-07-30 00:48:45,BTCUSDT,bid,66700,330.859
2024-07-30 00:48:45,BTCUSDT,bid,66700,330.861
2024-07-30 00:48:45,BTCUSDT,bid,66700,330.861
2024-07-30 00:48:45,BTCUSDT,bid,66700,330.885
2024-07-30 00:48:46,BTCUSDT,bid,66700,334.922
2024-07-30 00:48:46,BTCUSDT,bid,66700,334.922
2024-07-30 00:48:46,BTCUSDT,bid,66700,334.926
2024-07-30 00:48:46,BTCUSDT,bid,66700,334.926
2024-07-30 00:48:46,BTCUSDT,bid,66700,334.93
2024-07-30 00:48:46,BTCUSDT,bid,66700,334.922
2024-07-30 00:48:46,BTCUSDT,bid,66700,334.922
2024-07-30 00:48:46,BTCUSDT,bid,66700,337.043
2024-07-30 00:48:47,BTCUSDT,bid,66700,337.043
2024-07-30 00:48:47,BTCUSDT,bid,66700,337.032
2024-07-30 00:48:47,BTCUSDT,bid,66700,337.057
2024-07-30 00:48:47,BTCUSDT,bid,66700,337.52
2024-07-30 00:48:47,BTCUSDT,bid,66700,337.52
2024-07-30 00:48:48,BTCUSDT,bid,66700,336.681
2024-07-30 00:48:48,BTCUSDT,bid,66700,336.681
2024-07-30 00:48:48,BTCUSDT,bid,66700,337.169
2024-07-30 00:48:48,BTCUSDT,bid,66600,336.681
2024-07-30 00:48:48,BTCUSDT,bid,66700,336.706
2024-07-30 00:48:48,BTCUSDT,bid,66700,336.681
2024-07-30 00:48:48,BTCUSDT,bid,66700,337.169
2024-07-30 00:48:49,BTCUSDT,bid,66700,334.095
2024-07-30 00:48:49,BTCUSDT,bid,66700,333.621
2024-07-30 00:48:50,BTCUSDT,bid,66700,328.316
2024-07-30 00:48:50,BTCUSDT,bid,66700,328.316
2024-07-30 00:48:50,BTCUSDT,bid,66700,327.853
2024-07-30 00:48:51,BTCUSDT,bid,66700,328.05
2024-07-30 00:48:51,BTCUSDT,bid,66700,326.466
2024-07-30 00:48:51,BTCUSDT,bid,66700,326.559
2024-07-30 00:48:52,BTCUSDT,bid,66700,325.4
2024-07-30 00:48:52,BTCUSDT,bid,66700,325.397
2024-07-30 00:48:52,BTCUSDT,bid,66700,325.397
2024-07-30 00:48:53,BTCUSDT,bid,66700,316.115
2024-07-30 00:48:53,BTCUSDT,bid,66700,316.46
2024-07-30 00:48:53,BTCUSDT,bid,66700,316.16
2024-07-30 00:48:53,BTCUSDT,bid,66700,316.137
2024-07-30 00:48:53,BTCUSDT,bid,66700,316.113
2024-07-30 00:48:53,BTCUSDT,bid,66700,309.597
2024-07-30 00:48:54,BTCUSDT,bid,66700,309.411
2024-07-30 00:48:54,BTCUSDT,bid,66700,309.411
2024-07-30 00:48:54,BTCUSDT,bid,66700,309.411
2024-07-30 00:48:54,BTCUSDT,bid,66700,309.413
2024-07-30 00:48:54,BTCUSDT,bid,66700,309.415
2024-07-30 00:48:54,BTCUSDT,bid,66700,303.028
2024-07-30 00:48:55,BTCUSDT,bid,66700,303.052
2024-07-30 00:48:55,BTCUSDT,bid,66700,303.393
2024-07-30 00:48:55,BTCUSDT,bid,66700,303.211
2024-07-30 00:48:55,BTCUSDT,bid,66700,303.025
2024-07-30 00:48:56,BTCUSDT,bid,66700,302.405
2024-07-30 00:48:56,BTCUSDT,bid,66700,302.586
2024-07-30 00:48:56,BTCUSDT,bid,66700,302.586
2024-07-30 00:48:56,BTCUSDT,bid,66700,302.421
2024-07-30 00:48:56,BTCUSDT,bid,66700,302.4
2024-07-30 00:48:56,BTCUSDT,bid,66700,302.4
2024-07-30 00:48:57,BTCUSDT,bid,66700,304.747
2024-07-30 00:48:57,BTCUSDT,bid,66700,304.937
2024-07-30 00:48:57,BTCUSDT,bid,66700,304.758
2024-07-30 00:48:57,BTCUSDT,bid,66700,304.937
2024-07-30 00:48:57,BTCUSDT,bid,66700,304.747
2024-07-30 00:48:58,BTCUSDT,bid,66700,307.575
2024-07-30 00:48:59,BTCUSDT,bid,66700,311.482
2024-07-30 00:48:59,BTCUSDT,bid,66700,311.482
2024-07-30 00:48:59,BTCUSDT,bid,66700,311.469
2024-07-30 00:48:59,BTCUSDT,bid,66700,311.467
2024-07-30 00:48:59,BTCUSDT,bid,66700,311.467
2024-07-30 00:48:59,BTCUSDT,bid,66700,311.467
2024-07-30 00:49:00,BTCUSDT,bid,66700,315.509
2024-07-30 00:49:00,BTCUSDT,bid,66700,315.509
2024-07-30 00:49:00,BTCUSDT,bid,66700,315.509
2024-07-30 00:49:00,BTCUSDT,bid,66700,315.509
2024-07-30 00:49:00,BTCUSDT,bid,66700,315.509
2024-07-30 00:49:01,BTCUSDT,bid,66600,315.324
2024-07-30 00:49:01,BTCUSDT,bid,66700,315.421
2024-07-30 00:49:01,BTCUSDT,bid,66700,315.324
2024-07-30 00:49:02,BTCUSDT,bid,66700,315.953
2024-07-30 00:49:02,BTCUSDT,bid,66700,315.957
2024-07-30 00:49:02,BTCUSDT,bid,66700,315.953
2024-07-30 00:49:02,BTCUSDT,bid,66700,315.956
2024-07-30 00:49:02,BTCUSDT,bid,66700,315.953
2024-07-30 00:49:02,BTCUSDT,bid,66700,315.957
2024-07-30 00:49:02,BTCUSDT,bid,66700,312.517
2024-07-30 00:49:03,BTCUSDT,bid,66700,312.515
2024-07-30 00:49:03,BTCUSDT,bid,66700,312.519
2024-07-30 00:49:03,BTCUSDT,bid,66700,312.515
2024-07-30 00:49:03,BTCUSDT,bid,66700,312.515
2024-07-30 00:49:03,BTCUSDT,bid,66700,312.519
2024-07-30 00:49:03,BTCUSDT,bid,66600,312.515
2024-07-30 00:49:04,BTCUSDT,bid,66600,308.817
2024-07-30 00:49:04,BTCUSDT,bid,66700,308.819
2024-07-30 00:49:04,BTCUSDT,bid,66700,308.817
2024-07-30 00:49:04,BTCUSDT,bid,66700,308.819
2024-07-30 00:49:04,BTCUSDT,bid,66700,309.254
2024-07-30 00:49:05,BTCUSDT,bid,66700,307.654
2024-07-30 00:49:05,BTCUSDT,bid,66700,307.652
2024-07-30 00:49:05,BTCUSDT,bid,66700,307.652
2024-07-30 00:49:05,BTCUSDT,bid,66700,307.652
2024-07-30 00:49:05,BTCUSDT,bid,66600,307.075
2024-07-30 00:49:06,BTCUSDT,bid,66700,307.067
2024-07-30 00:49:06,BTCUSDT,bid,66600,307.059
2024-07-30 00:49:06,BTCUSDT,bid,66700,307.059
2024-07-30 00:49:06,BTCUSDT,bid,66700,307.059
2024-07-30 00:49:07,BTCUSDT,bid,66700,307.434
2024-07-30 00:49:07,BTCUSDT,bid,66700,307.434
2024-07-30 00:49:07,BTCUSDT,bid,66600,307.434
2024-07-30 00:49:07,BTCUSDT,bid,66600,307.448
2024-07-30 00:49:07,BTCUSDT,bid,66700,307.434
2024-07-30 00:49:07,BTCUSDT,bid,66700,307.434
2024-07-30 00:49:07,BTCUSDT,bid,66700,308.945
2024-07-30 00:49:08,BTCUSDT,bid,66600,308.947
2024-07-30 00:49:08,BTCUSDT,bid,66700,308.945
2024-07-30 00:49:08,BTCUSDT,bid,66700,304.508
2024-07-30 00:49:09,BTCUSDT,bid,66700,304.51
2024-07-30 00:49:09,BTCUSDT,bid,66700,304.508
2024-07-30 00:49:09,BTCUSDT,bid,66700,304.51
2024-07-30 00:49:09,BTCUSDT,bid,66600,304.508
2024-07-30 00:49:09,BTCUSDT,bid,66700,304.51
2024-07-30 00:49:14,BTCUSDT,bid,66700,302.249
2024-07-30 00:49:14,BTCUSDT,bid,66700,302.249
2024-07-30 00:49:14,BTCUSDT,bid,66700,302.249
2024-07-30 00:49:14,BTCUSDT,bid,66700,302.249
2024-07-30 00:49:14,BTCUSDT,bid,66600,302.249
2024-07-30 00:49:14,BTCUSDT,bid,66700,302.249
2024-07-30 00:49:14,BTCUSDT,bid,66600,302.249
2024-07-30 00:49:14,BTCUSDT,bid,66700,304.51
2024-07-30 00:49:15,BTCUSDT,bid,66700,304.508
2024-07-30 00:49:15,BTCUSDT,bid,66700,304.508
2024-07-30 00:49:15,BTCUSDT,bid,66700,304.538
2024-07-30 00:49:15,BTCUSDT,bid,66600,304.508
2024-07-30 00:49:15,BTCUSDT,bid,66700,304.508
2024-07-30 00:49:15,BTCUSDT,bid,66700,304.508
2024-07-30 00:49:15,BTCUSDT,bid,66600,303.594
2024-07-30 00:49:16,BTCUSDT,bid,66600,303.594
2024-07-30 00:49:16,BTCUSDT,bid,66700,306.377
2024-07-30 00:49:17,BTCUSDT,bid,66700,306.563
2024-07-30 00:49:17,BTCUSDT,bid,66600,306.38
2024-07-30 00:49:17,BTCUSDT,bid,66700,306.377
2024-07-30 00:49:17,BTCUSDT,bid,66700,306.384
2024-07-30 00:49:17,BTCUSDT,bid,66600,306.377
2024-07-30 00:49:17,BTCUSDT,bid,66600,306.391
2024-07-30 00:49:18,BTCUSDT,bid,66700,306.669
2024-07-30 00:49:18,BTCUSDT,bid,66700,306.669
2024-07-30 00:49:18,BTCUSDT,bid,66700,306.671
2024-07-30 00:49:18,BTCUSDT,bid,66700,306.676
2024-07-30 00:49:18,BTCUSDT,bid,66700,306.69
2024-07-30 00:49:18,BTCUSDT,bid,66600,306.672
2024-07-30 00:49:19,BTCUSDT,bid,66700,303.8
2024-07-30 00:49:19,BTCUSDT,bid,66700,303.8
2024-07-30 00:49:19,BTCUSDT,bid,66600,303.803
2024-07-30 00:49:19,BTCUSDT,bid,66600,303.8
2024-07-30 00:49:19,BTCUSDT,bid,66600,303.802
2024-07-30 00:49:19,BTCUSDT,bid,66700,303.8
2024-07-30 00:49:19,BTCUSDT,bid,66700,303.8
2024-07-30 00:49:19,BTCUSDT,bid,66700,303.8
2024-07-30 00:49:20,BTCUSDT,bid,66700,301.459
2024-07-30 00:49:20,BTCUSDT,bid,66700,301.459
2024-07-30 00:49:20,BTCUSDT,bid,66700,301.462
2024-07-30 00:49:20,BTCUSDT,bid,66700,301.464
2024-07-30 00:49:20,BTCUSDT,bid,66700,301.459
2024-07-30 00:49:20,BTCUSDT,bid,66600,301.459
2024-07-30 00:49:20,BTCUSDT,bid,66700,301.459
2024-07-30 00:49:21,BTCUSDT,bid,66700,304.745
2024-07-30 00:49:21,BTCUSDT,bid,66700,304.752
2024-07-30 00:49:21,BTCUSDT,bid,66600,304.745
2024-07-30 00:49:21,BTCUSDT,bid,66700,304.745
2024-07-30 00:49:22,BTCUSDT,bid,66700,306.776
2024-07-30 00:49:22,BTCUSDT,bid,66700,306.986
2024-07-30 00:49:22,BTCUSDT,bid,66700,306.778
2024-07-30 00:49:22,BTCUSDT,bid,66700,306.776
2024-07-30 00:49:22,BTCUSDT,bid,66600,306.781
2024-07-30 00:49:23,BTCUSDT,bid,66600,313.512
2024-07-30 00:49:23,BTCUSDT,bid,66700,313.512
2024-07-30 00:49:23,BTCUSDT,bid,66700,313.512
2024-07-30 00:49:23,BTCUSDT,bid,66700,313.512
2024-07-30 00:49:23,BTCUSDT,bid,66700,313.512
2024-07-30 00:49:23,BTCUSDT,bid,66700,313.512
2024-07-30 00:49:23,BTCUSDT,bid,66700,313.512
2024-07-30 00:49:24,BTCUSDT,bid,66700,302.058
2024-07-30 00:49:24,BTCUSDT,bid,66700,301.97
2024-07-30 00:49:24,BTCUSDT,bid,66700,301.97
2024-07-30 00:49:24,BTCUSDT,bid,66600,301.97
2024-07-30 00:53:13,BTCUSDT,bid,66600,309.982
2024-07-30 00:53:14,BTCUSDT,bid,66700,309.982
2024-07-30 00:53:14,BTCUSDT,bid,66700,309.984
2024-07-30 00:53:14,BTCUSDT,bid,66700,309.982
2024-07-30 00:53:14,BTCUSDT,bid,66700,310.001
2024-07-30 00:53:14,BTCUSDT,bid,66700,309.982
2024-07-30 00:53:14,BTCUSDT,bid,66700,309.982
2024-07-30 00:53:14,BTCUSDT,bid,66700,309.982
2024-07-30 00:53:14,BTCUSDT,bid,66600,345.4
2024-07-30 00:53:15,BTCUSDT,bid,66700,345.415
2024-07-30 00:53:15,BTCUSDT,bid,66700,345.396
2024-07-30 00:53:15,BTCUSDT,bid,66600,345.399
2024-07-30 00:53:15,BTCUSDT,bid,66600,345.396
2024-07-30 00:53:15,BTCUSDT,bid,66600,345.396
2024-07-30 00:53:16,BTCUSDT,bid,66600,381.224
2024-07-30 00:53:16,BTCUSDT,bid,66600,381.502
2024-07-30 00:53:16,BTCUSDT,bid,66700,381.17
2024-07-30 00:53:16,BTCUSDT,bid,66700,381.174
2024-07-30 00:53:16,BTCUSDT,bid,66700,381.172
2024-07-30 00:53:16,BTCUSDT,bid,66700,381.17
2024-07-30 00:53:17,BTCUSDT,bid,66700,378.032
2024-07-30 00:53:17,BTCUSDT,bid,66700,378.032
2024-07-30 00:53:17,BTCUSDT,bid,66700,374.918
2024-07-30 00:53:18,BTCUSDT,bid,66700,374.927
2024-07-30 00:53:18,BTCUSDT,bid,66700,374.918
2024-07-30 00:53:18,BTCUSDT,bid,66700,374.927
2024-07-30 00:53:18,BTCUSDT,bid,66700,374.918
2024-07-30 00:53:18,BTCUSDT,bid,66700,378.172
2024-07-30 00:53:18,BTCUSDT,bid,66700,374.918
2024-07-30 00:53:19,BTCUSDT,bid,66700,371.152
2024-07-30 00:53:19,BTCUSDT,bid,66700,369.568
2024-07-30 00:53:19,BTCUSDT,bid,66700,369.598
2024-07-30 00:53:19,BTCUSDT,bid,66700,369.571
2024-07-30 00:53:19,BTCUSDT,bid,66700,369.568
2024-07-30 00:53:19,BTCUSDT,bid,66700,369.568
2024-07-30 00:53:20,BTCUSDT,bid,66600,369.469
2024-07-30 00:53:20,BTCUSDT,bid,66600,369.469
2024-07-30 00:53:20,BTCUSDT,bid,66700,369.478
2024-07-30 00:53:21,BTCUSDT,bid,66700,368.54
2024-07-30 00:53:21,BTCUSDT,bid,66700,368.568
2024-07-30 00:53:21,BTCUSDT,bid,66700,368.545
2024-07-30 00:53:21,BTCUSDT,bid,66700,368.545
2024-07-30 00:53:21,BTCUSDT,bid,66600,368.54
2024-07-30 00:53:21,BTCUSDT,bid,66700,368.554
2024-07-30 00:53:22,BTCUSDT,bid,66600,369.245
2024-07-30 00:53:22,BTCUSDT,bid,66700,369.245
2024-07-30 00:53:22,BTCUSDT,bid,66700,369.245
2024-07-30 00:53:22,BTCUSDT,bid,66700,369.259
2024-07-30 00:53:22,BTCUSDT,bid,66700,369.245
2024-07-30 00:53:22,BTCUSDT,bid,66700,369.253
2024-07-30 00:53:22,BTCUSDT,bid,66700,369.245
2024-07-30 00:53:23,BTCUSDT,bid,66700,357.558
2024-07-30 00:53:23,BTCUSDT,bid,66700,357.426
2024-07-30 00:53:23,BTCUSDT,bid,66700,357.431
2024-07-30 00:53:23,BTCUSDT,bid,66700,357.431
2024-07-30 00:53:23,BTCUSDT,bid,66700,357.428
2024-07-30 00:53:23,BTCUSDT,bid,66700,341.405
2024-07-30 00:53:24,BTCUSDT,bid,66700,341.41
2024-07-30 00:53:24,BTCUSDT,bid,66700,341.405
2024-07-30 00:53:24,BTCUSDT,bid,66700,341.405
2024-07-30 00:53:24,BTCUSDT,bid,66700,341.504
2024-07-30 00:53:24,BTCUSDT,bid,66600,341.405
2024-07-30 00:53:25,BTCUSDT,bid,66700,330.573
2024-07-30 00:53:25,BTCUSDT,bid,66700,330.573
2024-07-30 00:53:25,BTCUSDT,bid,66700,330.568
2024-07-30 00:53:25,BTCUSDT,bid,66700,330.673
2024-07-30 00:53:25,BTCUSDT,bid,66600,330.568
2024-07-30 00:53:25,BTCUSDT,bid,66700,330.568
2024-07-30 00:53:26,BTCUSDT,bid,66700,330.016
2024-07-30 00:53:26,BTCUSDT,bid,66700,330.016
2024-07-30 00:53:26,BTCUSDT,bid,66600,330.021
2024-07-30 00:53:26,BTCUSDT,bid,66700,330.121
2024-07-30 00:53:27,BTCUSDT,bid,66700,330.021
2024-07-30 00:53:27,BTCUSDT,bid,66700,332.76
2024-07-30 00:53:27,BTCUSDT,bid,66600,332.765
2024-07-30 00:53:27,BTCUSDT,bid,66700,332.76
2024-07-30 00:53:27,BTCUSDT,bid,66700,332.76
2024-07-30 00:53:28,BTCUSDT,bid,66700,338.431
2024-07-30 00:53:28,BTCUSDT,bid,66700,338.431
2024-07-30 00:53:28,BTCUSDT,bid,66700,338.431
2024-07-30 00:53:28,BTCUSDT,bid,66700,338.431
2024-07-30 00:53:28,BTCUSDT,bid,66700,338.434
2024-07-30 00:53:28,BTCUSDT,bid,66700,338.431
2024-07-30 00:53:28,BTCUSDT,bid,66700,338.431
2024-07-30 00:53:29,BTCUSDT,bid,66700,341.629
2024-07-30 00:53:29,BTCUSDT,bid,66700,341.631
2024-07-30 00:53:29,BTCUSDT,bid,66700,341.632
2024-07-30 00:53:29,BTCUSDT,bid,66700,341.629
2024-07-30 00:53:30,BTCUSDT,bid,66700,341.97
2024-07-30 00:53:30,BTCUSDT,bid,66700,341.978
2024-07-30 00:53:30,BTCUSDT,bid,66700,341.972
2024-07-30 00:53:30,BTCUSDT,bid,66700,341.97
2024-07-30 00:53:30,BTCUSDT,bid,66700,341.978
2024-07-30 00:53:31,BTCUSDT,bid,66700,343.636
2024-07-30 00:53:31,BTCUSDT,bid,66700,343.636
2024-07-30 00:53:31,BTCUSDT,bid,66700,343.633
2024-07-30 00:53:31,BTCUSDT,bid,66700,343.635
2024-07-30 00:53:32,BTCUSDT,bid,66700,343.991
2024-07-30 00:53:32,BTCUSDT,bid,66600,344.001
2024-07-30 00:53:32,BTCUSDT,bid,66600,343.996
2024-07-30 00:53:32,BTCUSDT,bid,66700,343.991
2024-07-30 00:53:32,BTCUSDT,bid,66700,343.991
2024-07-30 00:53:32,BTCUSDT,bid,66600,343.991
2024-07-30 00:53:32,BTCUSDT,bid,66700,343.991
2024-07-30 00:53:33,BTCUSDT,bid,66700,347.901
2024-07-30 00:53:33,BTCUSDT,bid,66700,347.894
2024-07-30 00:53:33,BTCUSDT,bid,66700,347.901
2024-07-30 00:53:33,BTCUSDT,bid,66600,347.894
2024-07-30 00:53:33,BTCUSDT,bid,66600,349.478
2024-07-30 00:53:33,BTCUSDT,bid,66700,347.897
2024-07-30 00:53:33,BTCUSDT,bid,66700,347.999
2024-07-30 00:53:34,BTCUSDT,bid,66700,349.343
2024-07-30 00:53:34,BTCUSDT,bid,66700,349.343
2024-07-30 00:53:34,BTCUSDT,bid,66700,349.348
2024-07-30 00:53:34,BTCUSDT,bid,66700,349.348
2024-07-30 00:53:34,BTCUSDT,bid,66700,349.343
2024-07-30 00:53:34,BTCUSDT,bid,66700,349.343
2024-07-30 00:53:34,BTCUSDT,bid,66700,358.628
2024-07-30 00:53:35,BTCUSDT,bid,66700,358.635
2024-07-30 00:53:35,BTCUSDT,bid,66700,358.633
2024-07-30 00:53:35,BTCUSDT,bid,66700,358.631
2024-07-30 00:53:35,BTCUSDT,bid,66700,362.846
2024-07-30 00:53:36,BTCUSDT,bid,66700,362.812
2024-07-30 00:53:36,BTCUSDT,bid,66700,362.817
2024-07-30 00:53:36,BTCUSDT,bid,66700,362.812
2024-07-30 00:53:37,BTCUSDT,bid,66700,365.972
2024-07-30 00:53:37,BTCUSDT,bid,66700,365.967
2024-07-30 00:53:37,BTCUSDT,bid,66700,368.544
2024-07-30 00:53:37,BTCUSDT,bid,66700,365.967
2024-07-30 00:53:37,BTCUSDT,bid,66700,365.967
2024-07-30 00:53:37,BTCUSDT,bid,66700,365.967
2024-07-30 00:53:38,BTCUSDT,bid,66700,363.6
2024-07-30 00:53:38,BTCUSDT,bid,66700,363.602
2024-07-30 00:53:38,BTCUSDT,bid,66700,363.6
2024-07-30 00:53:38,BTCUSDT,bid,66700,363.6
2024-07-30 00:53:38,BTCUSDT,bid,66700,363.602
2024-07-30 00:53:38,BTCUSDT,bid,66700,363.607
2024-07-30 00:53:39,BTCUSDT,bid,66700,365.172
2024-07-30 00:53:39,BTCUSDT,bid,66700,365.158
2024-07-30 00:53:39,BTCUSDT,bid,66700,365.158
2024-07-30 00:53:39,BTCUSDT,bid,66700,365.158
2024-07-30 00:53:39,BTCUSDT,bid,66700,365.167
2024-07-30 00:53:39,BTCUSDT,bid,66700,365.398
2024-07-30 00:53:40,BTCUSDT,bid,66700,367.095
2024-07-30 00:53:40,BTCUSDT,bid,66700,367.111
2024-07-30 00:53:40,BTCUSDT,bid,66700,367.111
2024-07-30 00:53:40,BTCUSDT,bid,66700,367.104
2024-07-30 00:53:40,BTCUSDT,bid,66700,367.095
2024-07-30 00:53:41,BTCUSDT,bid,66700,368.85
2024-07-30 00:53:41,BTCUSDT,bid,66700,368.85
2024-07-30 00:53:41,BTCUSDT,bid,66700,368.85
2024-07-30 00:53:42,BTCUSDT,bid,66700,371.262
2024-07-30 00:53:42,BTCUSDT,bid,66700,371.262
2024-07-30 00:53:42,BTCUSDT,bid,66700,371.296
2024-07-30 00:53:42,BTCUSDT,bid,66700,371.296
2024-07-30 00:53:42,BTCUSDT,bid,66700,371.262
2024-07-30 00:53:42,BTCUSDT,bid,66700,371.262
2024-07-30 00:53:43,BTCUSDT,bid,66700,373.17
2024-07-30 00:53:43,BTCUSDT,bid,66700,373.136
2024-07-30 00:53:43,BTCUSDT,bid,66700,373.136
2024-07-30 00:53:43,BTCUSDT,bid,66700,373.136
2024-07-30 00:53:43,BTCUSDT,bid,66600,373.136
2024-07-30 00:53:43,BTCUSDT,bid,66600,373.139
2024-07-30 00:53:44,BTCUSDT,bid,66600,380.814
2024-07-30 00:53:44,BTCUSDT,bid,66700,380.814
2024-07-30 00:53:44,BTCUSDT,bid,66700,381.131
2024-07-30 00:53:44,BTCUSDT,bid,66700,380.814
2024-07-30 00:53:44,BTCUSDT,bid,66700,380.814
2024-07-30 00:53:44,BTCUSDT,bid,66700,380.814
2024-07-30 00:53:44,BTCUSDT,bid,66700,380.818
2024-07-30 00:53:45,BTCUSDT,bid,66700,370.718
2024-07-30 00:53:45,BTCUSDT,bid,66700,370.718
2024-07-30 00:53:45,BTCUSDT,bid,66700,370.718
2024-07-30 00:53:45,BTCUSDT,bid,66700,370.718
2024-07-30 00:53:46,BTCUSDT,bid,66700,365.698
2024-07-30 00:53:46,BTCUSDT,bid,66700,365.694
2024-07-30 00:53:46,BTCUSDT,bid,66700,365.698
2024-07-30 00:53:46,BTCUSDT,bid,66700,365.701
2024-07-30 00:53:46,BTCUSDT,bid,66700,365.694
2024-07-30 00:53:47,BTCUSDT,bid,66700,359.9
2024-07-30 00:53:47,BTCUSDT,bid,66700,359.898
2024-07-30 00:53:47,BTCUSDT,bid,66700,359.912
2024-07-30 00:53:47,BTCUSDT,bid,66700,359.898
2024-07-30 00:53:47,BTCUSDT,bid,66700,359.91
2024-07-30 00:53:47,BTCUSDT,bid,66700,359.911
2024-07-30 00:53:48,BTCUSDT,bid,66700,358.856
2024-07-30 00:53:48,BTCUSDT,bid,66700,358.856
2024-07-30 00:53:48,BTCUSDT,bid,66700,358.856
2024-07-30 00:53:48,BTCUSDT,bid,66700,358.856
2024-07-30 00:53:49,BTCUSDT,bid,66700,361.271
2024-07-30 00:53:49,BTCUSDT,bid,66700,361.273
2024-07-30 00:53:49,BTCUSDT,bid,66700,361.271
2024-07-30 00:53:49,BTCUSDT,bid,66700,361.271
2024-07-30 00:53:49,BTCUSDT,bid,66700,361.271
2024-07-30 00:53:50,BTCUSDT,bid,66700,345.643
2024-07-30 00:53:50,BTCUSDT,bid,66700,345.677
2024-07-30 00:53:50,BTCUSDT,bid,66700,345.643
2024-07-30 00:53:50,BTCUSDT,bid,66700,345.643
2024-07-30 00:53:50,BTCUSDT,bid,66700,345.643
2024-07-30 00:53:50,BTCUSDT,bid,66700,345.643
2024-07-30 00:53:51,BTCUSDT,bid,66700,312.247
2024-07-30 00:53:51,BTCUSDT,bid,66700,312.227
2024-07-30 00:53:51,BTCUSDT,bid,66700,312.227
2024-07-30 00:53:51,BTCUSDT,bid,66700,312.227
2024-07-30 00:53:51,BTCUSDT,bid,66700,312.227
2024-07-30 00:53:51,BTCUSDT,bid,66700,312.227
2024-07-30 00:54:59,BTCUSDT,bid,66600,323.614
2024-07-30 00:55:00,BTCUSDT,bid,66700,323.614
2024-07-30 00:55:00,BTCUSDT,bid,66600,323.614
2024-07-30 00:55:00,BTCUSDT,bid,66700,323.614
2024-07-30 00:55:00,BTCUSDT,bid,66600,323.614
2024-07-30 00:55:00,BTCUSDT,bid,66700,323.614
2024-07-30 00:55:00,BTCUSDT,bid,66700,323.621
2024-07-30 00:55:00,BTCUSDT,bid,66700,323.618
2024-07-30 00:55:00,BTCUSDT,bid,66600,353.047
2024-07-30 00:55:01,BTCUSDT,bid,66600,353.047
2024-07-30 00:55:01,BTCUSDT,bid,66700,353.047
2024-07-30 00:55:01,BTCUSDT,bid,66600,353.047
2024-07-30 00:55:01,BTCUSDT,bid,66600,353.047
2024-07-30 00:55:02,BTCUSDT,bid,66600,389.665
2024-07-30 00:55:02,BTCUSDT,bid,66600,389.665
2024-07-30 00:55:03,BTCUSDT,bid,66600,422.719
2024-07-30 00:55:03,BTCUSDT,bid,66600,422.714
2024-07-30 00:55:05,BTCUSDT,bid,66600,393.409
2024-07-30 00:55:05,BTCUSDT,bid,66600,393.412
2024-07-30 00:55:05,BTCUSDT,bid,66600,393.409
2024-07-30 00:55:05,BTCUSDT,bid,66600,393.409
2024-07-30 00:55:06,BTCUSDT,bid,66600,385.152
2024-07-30 00:55:06,BTCUSDT,bid,66600,385.159
2024-07-30 00:55:06,BTCUSDT,bid,66600,385.152
2024-07-30 00:55:06,BTCUSDT,bid,66600,385.152
2024-07-30 00:55:07,BTCUSDT,bid,66600,377.857
2024-07-30 00:55:07,BTCUSDT,bid,66600,377.857
2024-07-30 00:55:07,BTCUSDT,bid,66600,377.859
2024-07-30 00:55:07,BTCUSDT,bid,66700,377.857
2024-07-30 00:55:07,BTCUSDT,bid,66600,377.857
2024-07-30 00:55:07,BTCUSDT,bid,66600,377.857
2024-07-30 00:55:07,BTCUSDT,bid,66600,362.513
2024-07-30 00:55:08,BTCUSDT,bid,66600,362.808
2024-07-30 00:55:08,BTCUSDT,bid,66600,362.51
2024-07-30 00:55:08,BTCUSDT,bid,66700,362.517
2024-07-30 00:55:08,BTCUSDT,bid,66600,364.45
2024-07-30 00:55:08,BTCUSDT,bid,66600,362.51
2024-07-30 00:55:08,BTCUSDT,bid,66700,347.103
2024-07-30 00:55:09,BTCUSDT,bid,66700,347.103
2024-07-30 00:55:09,BTCUSDT,bid,66600,347.103
2024-07-30 00:55:09,BTCUSDT,bid,66600,347.103
2024-07-30 00:55:09,BTCUSDT,bid,66700,347.103
2024-07-30 00:55:10,BTCUSDT,bid,66700,335.099
2024-07-30 00:55:10,BTCUSDT,bid,66700,335.099
2024-07-30 00:55:10,BTCUSDT,bid,66700,335.102
2024-07-30 00:55:10,BTCUSDT,bid,66700,335.099
2024-07-30 00:55:10,BTCUSDT,bid,66700,335.101
2024-07-30 00:55:10,BTCUSDT,bid,66700,335.101
2024-07-30 00:55:10,BTCUSDT,bid,66700,335.101
2024-07-30 00:55:10,BTCUSDT,bid,66700,335.099
2024-07-30 00:55:11,BTCUSDT,bid,66700,336.096
2024-07-30 00:55:11,BTCUSDT,bid,66700,336.068
2024-07-30 00:55:11,BTCUSDT,bid,66700,336.091
2024-07-30 00:55:12,BTCUSDT,bid,66700,343.945
2024-07-30 00:55:12,BTCUSDT,bid,66700,343.945
2024-07-30 00:55:12,BTCUSDT,bid,66700,343.945
2024-07-30 00:55:12,BTCUSDT,bid,66700,343.945
2024-07-30 00:55:12,BTCUSDT,bid,66700,346.201
2024-07-30 00:55:12,BTCUSDT,bid,66600,343.945
2024-07-30 00:55:12,BTCUSDT,bid,66700,344.245
2024-07-30 00:55:12,BTCUSDT,bid,66700,343.945
2024-07-30 00:55:12,BTCUSDT,bid,66600,356.388
2024-07-30 00:55:13,BTCUSDT,bid,66700,356.39
2024-07-30 00:55:13,BTCUSDT,bid,66700,356.388
2024-07-30 00:55:13,BTCUSDT,bid,66700,356.39
2024-07-30 00:55:13,BTCUSDT,bid,66600,356.388
2024-07-30 00:55:13,BTCUSDT,bid,66700,356.388
2024-07-30 00:55:14,BTCUSDT,bid,66700,355.612
2024-07-30 00:55:14,BTCUSDT,bid,66700,355.612
2024-07-30 00:55:14,BTCUSDT,bid,66700,357.866
2024-07-30 00:55:14,BTCUSDT,bid,66600,355.612
2024-07-30 00:55:14,BTCUSDT,bid,66700,357.866
2024-07-30 00:55:14,BTCUSDT,bid,66600,355.847
2024-07-30 00:55:15,BTCUSDT,bid,66700,319.714
2024-07-30 00:55:15,BTCUSDT,bid,66700,319.71
2024-07-30 00:55:15,BTCUSDT,bid,66700,319.712
2024-07-30 00:55:15,BTCUSDT,bid,66700,319.712
2024-07-30 00:55:15,BTCUSDT,bid,66700,319.71
2024-07-30 00:56:18,BTCUSDT,bid,66500,302.05
2024-07-30 00:56:19,BTCUSDT,bid,66600,302.079
2024-07-30 00:56:19,BTCUSDT,bid,66600,302.073
2024-07-30 00:56:19,BTCUSDT,bid,66600,302.052
2024-07-30 00:56:19,BTCUSDT,bid,66500,302.052
2024-07-30 00:56:19,BTCUSDT,bid,66600,305.243
2024-07-30 00:56:20,BTCUSDT,bid,66500,305.197
2024-07-30 00:56:20,BTCUSDT,bid,66600,305.22
2024-07-30 00:56:20,BTCUSDT,bid,66600,305.209
2024-07-30 00:56:20,BTCUSDT,bid,66600,305.197
2024-07-30 00:56:20,BTCUSDT,bid,66500,305.2
2024-07-30 00:56:20,BTCUSDT,bid,66600,305.321
2024-07-30 00:56:20,BTCUSDT,bid,66400,305.553
2024-07-30 00:56:21,BTCUSDT,bid,66500,304.746
2024-07-30 00:56:21,BTCUSDT,bid,66500,304.511
2024-07-30 00:56:21,BTCUSDT,bid,66500,304.507
2024-07-30 00:56:21,BTCUSDT,bid,66600,304.507
2024-07-30 00:56:21,BTCUSDT,bid,66600,304.553
2024-07-30 00:58:20,BTCUSDT,bid,66700,304.038
2024-07-30 00:58:20,BTCUSDT,bid,66700,304.022
2024-07-30 00:58:20,BTCUSDT,bid,66600,304.109
2024-07-30 00:58:21,BTCUSDT,bid,66700,318.864
2024-07-30 00:58:21,BTCUSDT,bid,66700,318.864
2024-07-30 00:58:21,BTCUSDT,bid,66600,318.951
2024-07-30 00:58:21,BTCUSDT,bid,66700,326.498
2024-07-30 00:58:22,BTCUSDT,bid,66600,326.473
2024-07-30 00:58:22,BTCUSDT,bid,66700,324.158
2024-07-30 00:58:23,BTCUSDT,bid,66700,329.241
2024-07-30 00:58:23,BTCUSDT,bid,66700,324.158
2024-07-30 00:58:23,BTCUSDT,bid,66700,324.158
2024-07-30 00:58:23,BTCUSDT,bid,66700,324.209
2024-07-30 00:58:23,BTCUSDT,bid,66700,324.209
2024-07-30 00:58:24,BTCUSDT,bid,66700,318.798
2024-07-30 00:58:24,BTCUSDT,bid,66700,318.849
2024-07-30 00:58:24,BTCUSDT,bid,66700,318.798
2024-07-30 00:58:24,BTCUSDT,bid,66700,318.849
2024-07-30 00:58:24,BTCUSDT,bid,66700,318.849
2024-07-30 00:58:25,BTCUSDT,bid,66700,312.144
2024-07-30 00:58:25,BTCUSDT,bid,66700,312.144
2024-07-30 00:58:25,BTCUSDT,bid,66700,312.144
2024-07-30 00:58:25,BTCUSDT,bid,66700,312.144
2024-07-30 00:58:25,BTCUSDT,bid,66700,312.223
2024-07-30 00:58:26,BTCUSDT,bid,66700,306.02
2024-07-30 00:58:26,BTCUSDT,bid,66700,306.02
2024-07-30 00:58:26,BTCUSDT,bid,66700,306.02
2024-07-30 00:58:26,BTCUSDT,bid,66700,306.02
2024-07-30 00:59:06,BTCUSDT,bid,66600,311.554
2024-07-30 00:59:06,BTCUSDT,bid,66600,311.552
2024-07-30 00:59:06,BTCUSDT,bid,66600,311.552
2024-07-30 00:59:06,BTCUSDT,bid,66600,311.552
2024-07-30 00:59:06,BTCUSDT,bid,66600,311.559
2024-07-30 00:59:06,BTCUSDT,bid,66600,311.565
2024-07-30 00:59:06,BTCUSDT,bid,66600,339.37
2024-07-30 00:59:07,BTCUSDT,bid,66600,339.37
2024-07-30 00:59:07,BTCUSDT,bid,66600,339.37
2024-07-30 00:59:07,BTCUSDT,bid,66600,339.37
2024-07-30 00:59:07,BTCUSDT,bid,66600,339.37
2024-07-30 00:59:07,BTCUSDT,bid,66600,339.37
2024-07-30 00:59:08,BTCUSDT,bid,66500,337.268
2024-07-30 00:59:08,BTCUSDT,bid,66600,337.268
2024-07-30 00:59:08,BTCUSDT,bid,66600,337.47
2024-07-30 00:59:08,BTCUSDT,bid,66600,337.47
2024-07-30 00:59:08,BTCUSDT,bid,66600,337.355
2024-07-30 00:59:09,BTCUSDT,bid,66600,340.171
2024-07-30 00:59:09,BTCUSDT,bid,66600,340.258
2024-07-30 00:59:10,BTCUSDT,bid,66700,342.494
2024-07-30 00:59:10,BTCUSDT,bid,66700,342.464
2024-07-30 00:59:10,BTCUSDT,bid,66700,342.464
2024-07-30 00:59:10,BTCUSDT,bid,66700,342.464
2024-07-30 00:59:11,BTCUSDT,bid,66700,348.095
2024-07-30 00:59:11,BTCUSDT,bid,66700,348.109
2024-07-30 00:59:11,BTCUSDT,bid,66700,348.095
2024-07-30 00:59:11,BTCUSDT,bid,66700,346.826
2024-07-30 00:59:11,BTCUSDT,bid,66700,346.821
2024-07-30 00:59:12,BTCUSDT,bid,66700,346.821
2024-07-30 00:59:12,BTCUSDT,bid,66700,346.821
2024-07-30 00:59:12,BTCUSDT,bid,66700,346.821
2024-07-30 00:59:13,BTCUSDT,bid,66700,345.676
2024-07-30 00:59:13,BTCUSDT,bid,66600,345.66
2024-07-30 00:59:13,BTCUSDT,bid,66700,345.662
2024-07-30 00:59:13,BTCUSDT,bid,66700,345.66
2024-07-30 00:59:13,BTCUSDT,bid,66700,345.66
2024-07-30 00:59:13,BTCUSDT,bid,66700,347.654
2024-07-30 00:59:14,BTCUSDT,bid,66700,347.656
2024-07-30 00:59:14,BTCUSDT,bid,66700,347.654
2024-07-30 00:59:14,BTCUSDT,bid,66600,348.522
2024-07-30 00:59:14,BTCUSDT,bid,66700,347.654
2024-07-30 00:59:15,BTCUSDT,bid,66600,350.378
2024-07-30 00:59:15,BTCUSDT,bid,66700,350.359
2024-07-30 00:59:15,BTCUSDT,bid,66600,350.378
2024-07-30 00:59:15,BTCUSDT,bid,66700,350.355
2024-07-30 00:59:15,BTCUSDT,bid,66700,350.359
2024-07-30 00:59:15,BTCUSDT,bid,66700,350.355
2024-07-30 00:59:16,BTCUSDT,bid,66700,332.241
2024-07-30 00:59:16,BTCUSDT,bid,66700,332.236
2024-07-30 00:59:16,BTCUSDT,bid,66700,332.24
2024-07-30 00:59:16,BTCUSDT,bid,66700,332.236
2024-07-30 00:59:16,BTCUSDT,bid,66700,332.236
2024-07-30 00:59:16,BTCUSDT,bid,66700,332.238
2024-07-30 00:59:29,BTCUSDT,bid,66600,301.148
2024-07-30 00:59:30,BTCUSDT,bid,66600,301.15
2024-07-30 00:59:30,BTCUSDT,bid,66600,301.155
2024-07-30 00:59:30,BTCUSDT,bid,66600,301.637
2024-07-30 00:59:30,BTCUSDT,bid,66600,301.148
2024-07-30 00:59:31,BTCUSDT,bid,66700,330.554
2024-07-30 00:59:31,BTCUSDT,bid,66700,330.554
2024-07-30 00:59:31,BTCUSDT,bid,66600,330.554
2024-07-30 00:59:31,BTCUSDT,bid,66700,330.557
2024-07-30 00:59:31,BTCUSDT,bid,66700,330.556
2024-07-30 00:59:32,BTCUSDT,bid,66700,330.554
2024-07-30 00:59:32,BTCUSDT,bid,66700,329.062
2024-07-30 00:59:32,BTCUSDT,bid,66700,328.711
2024-07-30 00:59:32,BTCUSDT,bid,66700,328.709
2024-07-30 00:59:32,BTCUSDT,bid,66700,328.709
2024-07-30 00:59:32,BTCUSDT,bid,66700,328.709
2024-07-30 00:59:33,BTCUSDT,bid,66700,329.192
2024-07-30 00:59:33,BTCUSDT,bid,66700,329.192
2024-07-30 00:59:33,BTCUSDT,bid,66700,329.194
2024-07-30 00:59:33,BTCUSDT,bid,66700,329.194
2024-07-30 00:59:33,BTCUSDT,bid,66700,329.192
2024-07-30 00:59:33,BTCUSDT,bid,66700,329.194
2024-07-30 00:59:34,BTCUSDT,bid,66700,331.412
2024-07-30 00:59:34,BTCUSDT,bid,66700,331.412
2024-07-30 00:59:34,BTCUSDT,bid,66600,335.408
2024-07-30 00:59:34,BTCUSDT,bid,66700,331.408
2024-07-30 00:59:34,BTCUSDT,bid,66700,331.408
2024-07-30 00:59:34,BTCUSDT,bid,66600,335.408
2024-07-30 00:59:34,BTCUSDT,bid,66700,329.804
2024-07-30 00:59:35,BTCUSDT,bid,66700,329.806
2024-07-30 00:59:35,BTCUSDT,bid,66700,329.935
2024-07-30 00:59:35,BTCUSDT,bid,66700,329.788
2024-07-30 00:59:35,BTCUSDT,bid,66700,329.788
2024-07-30 00:59:35,BTCUSDT,bid,66600,333.784
2024-07-30 00:59:35,BTCUSDT,bid,66700,329.788
2024-07-30 00:59:35,BTCUSDT,bid,66700,329.784
2024-07-30 00:59:35,BTCUSDT,bid,66700,323.545
2024-07-30 00:59:36,BTCUSDT,bid,66700,323.559
2024-07-30 00:59:36,BTCUSDT,bid,66700,323.551
2024-07-30 00:59:36,BTCUSDT,bid,66600,327.545
2024-07-30 00:59:37,BTCUSDT,bid,66700,325.67
2024-07-30 00:59:37,BTCUSDT,bid,66700,325.67
2024-07-30 00:59:37,BTCUSDT,bid,66700,325.67
2024-07-30 00:59:37,BTCUSDT,bid,66700,325.672
2024-07-30 00:59:37,BTCUSDT,bid,66700,325.692
2024-07-30 00:59:37,BTCUSDT,bid,66700,325.69
2024-07-30 00:59:37,BTCUSDT,bid,66700,325.751
2024-07-30 00:59:38,BTCUSDT,bid,66600,325.67
2024-07-30 01:01:50,BTCUSDT,bid,67200,394.151
2024-07-30 01:02:37,BTCUSDT,ask,69800,292.071
2024-07-30 01:02:37,BTCUSDT,ask,67700,296.204
2024-07-30 01:02:38,BTCUSDT,ask,67700,296.204
2024-07-30 01:02:38,BTCUSDT,ask,67700,296.204
2024-07-30 01:02:38,BTCUSDT,ask,67700,296.204
2024-07-30 01:02:38,BTCUSDT,ask,67700,296.204
2024-07-30 01:02:39,BTCUSDT,ask,67700,298.425
2024-07-30 01:02:39,BTCUSDT,ask,67700,298.425
2024-07-30 01:02:39,BTCUSDT,ask,67700,298.425
2024-07-30 01:02:39,BTCUSDT,ask,67700,298.425
2024-07-30 01:02:40,BTCUSDT,ask,67700,297.873
2024-07-30 01:02:40,BTCUSDT,ask,67700,297.873
2024-07-30 01:02:40,BTCUSDT,ask,67700,297.873
2024-07-30 01:02:40,BTCUSDT,ask,67700,297.873
2024-07-30 01:02:41,BTCUSDT,ask,67700,296.904
2024-07-30 01:02:41,BTCUSDT,ask,67700,296.899
2024-07-30 01:02:41,BTCUSDT,ask,67700,296.907
2024-07-30 01:02:41,BTCUSDT,ask,67700,296.904
2024-07-30 01:02:41,BTCUSDT,ask,67700,296.904
2024-07-30 01:02:42,BTCUSDT,ask,67700,296.726
2024-07-30 01:02:42,BTCUSDT,ask,67700,296.726
2024-07-30 01:02:42,BTCUSDT,ask,67700,296.726
2024-07-30 01:02:43,BTCUSDT,ask,67700,295.629
2024-07-30 01:02:43,BTCUSDT,ask,67700,295.629
2024-07-30 01:02:43,BTCUSDT,ask,67700,295.629
2024-07-30 01:02:43,BTCUSDT,ask,67700,295.629
2024-07-30 01:02:48,BTCUSDT,bid,67100,454.829
2024-07-30 01:02:50,BTCUSDT,bid,67100,454.842
2024-07-30 01:02:50,BTCUSDT,bid,66700,325.57
2024-07-30 01:02:51,BTCUSDT,bid,66700,312.596
2024-07-30 01:02:51,BTCUSDT,bid,66700,312.497
2024-07-30 01:02:51,BTCUSDT,bid,66700,312.497
2024-07-30 01:02:52,BTCUSDT,bid,66700,302.386
2024-07-30 01:02:52,BTCUSDT,bid,66800,302.366
2024-07-30 01:02:52,BTCUSDT,bid,66800,302.363
2024-07-30 01:02:52,BTCUSDT,bid,66800,302.363
2024-07-30 01:04:38,BTCUSDT,ask,67700,295.273
2024-07-30 01:04:39,BTCUSDT,bid,67100,479.389
2024-07-30 01:04:40,BTCUSDT,bid,67100,479.391
2024-07-30 01:04:41,BTCUSDT,bid,67100,479.402
2024-07-30 01:05:51,BTCUSDT,bid,67200,509.671
2024-07-30 01:05:51,BTCUSDT,bid,67200,509.779
2024-07-30 01:05:52,BTCUSDT,bid,67200,509.789
2024-07-30 01:05:53,BTCUSDT,ask,67700,301.556
2024-07-30 01:05:53,BTCUSDT,bid,67200,509.802
2024-07-30 01:05:54,BTCUSDT,ask,67700,300.437
2024-07-30 01:05:54,BTCUSDT,bid,67200,509.812
2024-07-30 01:05:54,BTCUSDT,ask,67700,300.437
2024-07-30 01:05:55,BTCUSDT,ask,67700,298.77
2024-07-30 01:05:55,BTCUSDT,ask,67700,298.77
2024-07-30 01:05:55,BTCUSDT,ask,67700,298.768
2024-07-30 01:05:56,BTCUSDT,ask,67700,337.951
2024-07-30 01:05:56,BTCUSDT,ask,67700,297.951
2024-07-30 01:05:57,BTCUSDT,bid,67200,509.941
2024-07-30 01:05:57,BTCUSDT,ask,67700,310.742
2024-07-30 01:05:57,BTCUSDT,ask,67700,310.742
2024-07-30 01:05:58,BTCUSDT,ask,67700,354.55
2024-07-30 01:05:58,BTCUSDT,ask,67700,314.725
2024-07-30 01:05:58,BTCUSDT,ask,67700,314.55
2024-07-30 01:05:58,BTCUSDT,bid,67200,509.945
2024-07-30 01:05:58,BTCUSDT,bid,67200,509.949
2024-07-30 01:05:58,BTCUSDT,ask,67700,317.547
2024-07-30 01:05:59,BTCUSDT,bid,67200,509.879
2024-07-30 01:05:59,BTCUSDT,bid,67200,510.027
2024-07-30 01:05:59,BTCUSDT,ask,68000,317.55
2024-07-30 01:06:00,BTCUSDT,ask,68000,317.316
2024-07-30 01:06:01,BTCUSDT,ask,68000,317.316
2024-07-30 01:06:01,BTCUSDT,ask,68000,317.319
2024-07-30 01:06:01,BTCUSDT,ask,68000,317.316
2024-07-30 01:06:01,BTCUSDT,ask,68000,317.316
2024-07-30 01:06:01,BTCUSDT,ask,68000,317.316
2024-07-30 01:06:02,BTCUSDT,ask,68000,315.424
2024-07-30 01:06:02,BTCUSDT,ask,68000,315.424
2024-07-30 01:06:02,BTCUSDT,ask,68000,315.424
2024-07-30 01:06:02,BTCUSDT,ask,68000,315.424
2024-07-30 01:06:03,BTCUSDT,ask,68000,318.906
2024-07-30 01:06:03,BTCUSDT,ask,68000,322.267
2024-07-30 01:06:04,BTCUSDT,ask,68000,322.267
2024-07-30 01:06:04,BTCUSDT,ask,68000,323.759
2024-07-30 01:06:05,BTCUSDT,ask,68000,323.759
2024-07-30 01:06:05,BTCUSDT,ask,68000,323.759
2024-07-30 01:06:06,BTCUSDT,ask,68000,323.042
2024-07-30 01:06:06,BTCUSDT,ask,68000,320.265
2024-07-30 01:06:09,BTCUSDT,ask,67700,318.885
2024-07-30 01:06:11,BTCUSDT,ask,67700,318.019
2024-07-30 01:06:12,BTCUSDT,ask,67700,320.438
2024-07-30 01:06:12,BTCUSDT,ask,67700,320.678
2024-07-30 01:06:13,BTCUSDT,ask,67700,319.612
2024-07-30 01:06:15,BTCUSDT,ask,67700,313.933
2024-07-30 01:06:16,BTCUSDT,ask,67700,312.646
2024-07-30 01:06:16,BTCUSDT,ask,67700,314.743
2024-07-30 01:06:20,BTCUSDT,ask,68100,319.652
2024-07-30 01:06:20,BTCUSDT,ask,68200,319.654
2024-07-30 01:06:20,BTCUSDT,ask,70000,319.668
2024-07-30 01:06:20,BTCUSDT,bid,66900,302.944
2024-07-30 01:06:21,BTCUSDT,bid,66900,302.947
2024-07-30 01:06:21,BTCUSDT,ask,68200,317.449
2024-07-30 01:06:21,BTCUSDT,bid,66900,302.944
2024-07-30 01:06:21,BTCUSDT,bid,66900,302.954
2024-07-30 01:06:21,BTCUSDT,ask,68200,317.58
2024-07-30 01:06:21,BTCUSDT,ask,68200,317.514
2024-07-30 01:06:21,BTCUSDT,bid,66900,302.944
2024-07-30 01:06:21,BTCUSDT,ask,68200,315.251
2024-07-30 01:06:22,BTCUSDT,bid,66900,311.314
2024-07-30 01:06:22,BTCUSDT,bid,66800,311.312
2024-07-30 01:06:22,BTCUSDT,bid,66900,311.312
2024-07-30 01:06:22,BTCUSDT,ask,68200,315.385
2024-07-30 01:06:22,BTCUSDT,bid,66900,311.312
2024-07-30 01:06:22,BTCUSDT,bid,66900,311.345
2024-07-30 01:06:22,BTCUSDT,bid,66900,311.316
2024-07-30 01:06:22,BTCUSDT,bid,66900,311.316
2024-07-30 01:06:22,BTCUSDT,bid,66900,311.334
2024-07-30 01:06:22,BTCUSDT,bid,66900,312.37
2024-07-30 01:06:22,BTCUSDT,ask,68200,313.822
2024-07-30 01:06:23,BTCUSDT,bid,66800,312.37
2024-07-30 01:06:23,BTCUSDT,bid,66900,312.37
2024-07-30 01:06:23,BTCUSDT,ask,68200,313.859
2024-07-30 01:06:23,BTCUSDT,bid,66900,312.707
2024-07-30 01:06:23,BTCUSDT,bid,66900,312.394
2024-07-30 01:06:23,BTCUSDT,bid,66800,312.37
2024-07-30 01:06:23,BTCUSDT,bid,66800,312.37
2024-07-30 01:06:23,BTCUSDT,bid,66900,312.37
2024-07-30 01:06:23,BTCUSDT,ask,68200,313.822
2024-07-30 01:06:23,BTCUSDT,bid,66800,318.958
2024-07-30 01:06:24,BTCUSDT,bid,66900,318.963
2024-07-30 01:06:24,BTCUSDT,bid,66900,318.958
2024-07-30 01:06:24,BTCUSDT,bid,66800,318.958
2024-07-30 01:06:24,BTCUSDT,bid,66900,318.958
2024-07-30 01:06:24,BTCUSDT,bid,66900,318.958
2024-07-30 01:06:24,BTCUSDT,ask,68200,314.68
2024-07-30 01:06:24,BTCUSDT,bid,66900,318.96
2024-07-30 01:06:24,BTCUSDT,ask,68200,314.68
2024-07-30 01:06:24,BTCUSDT,bid,66900,318.958
2024-07-30 01:06:24,BTCUSDT,bid,66900,318.958
2024-07-30 01:06:24,BTCUSDT,ask,68200,314.68
2024-07-30 01:06:24,BTCUSDT,bid,66900,318.98
2024-07-30 01:06:24,BTCUSDT,bid,66800,318.958
2024-07-30 01:06:25,BTCUSDT,bid,66900,320.797
2024-07-30 01:06:25,BTCUSDT,bid,66800,320.766
2024-07-30 01:06:25,BTCUSDT,bid,66800,320.766
2024-07-30 01:06:25,BTCUSDT,bid,66900,320.766
2024-07-30 01:06:25,BTCUSDT,bid,66900,320.768
2024-07-30 01:06:25,BTCUSDT,bid,66900,321.087
2024-07-30 01:06:25,BTCUSDT,bid,66900,320.766
2024-07-30 01:06:25,BTCUSDT,bid,66900,323.177
2024-07-30 01:06:26,BTCUSDT,bid,66900,323.179
2024-07-30 01:06:26,BTCUSDT,bid,66800,323.177
2024-07-30 01:06:26,BTCUSDT,bid,66900,323.23
2024-07-30 01:06:26,BTCUSDT,bid,66800,323.177
2024-07-30 01:06:26,BTCUSDT,bid,66800,323.177
2024-07-30 01:06:26,BTCUSDT,bid,66900,323.181
2024-07-30 01:06:26,BTCUSDT,bid,66800,323.229
2024-07-30 01:06:26,BTCUSDT,bid,66800,326.986
2024-07-30 01:06:27,BTCUSDT,bid,66900,326.936
2024-07-30 01:06:27,BTCUSDT,ask,68200,308.581
2024-07-30 01:06:27,BTCUSDT,bid,66800,326.934
2024-07-30 01:06:27,BTCUSDT,bid,66900,327.271
2024-07-30 01:06:27,BTCUSDT,bid,66800,326.934
2024-07-30 01:06:27,BTCUSDT,bid,66800,326.934
2024-07-30 01:06:27,BTCUSDT,bid,66900,326.954
2024-07-30 01:06:27,BTCUSDT,bid,66900,326.934
2024-07-30 01:06:27,BTCUSDT,bid,66900,331.104
2024-07-30 01:06:28,BTCUSDT,bid,66900,331.104
2024-07-30 01:06:28,BTCUSDT,bid,66800,331.104
2024-07-30 01:06:28,BTCUSDT,ask,68200,307.031
2024-07-30 01:06:28,BTCUSDT,bid,66900,331.104
2024-07-30 01:06:28,BTCUSDT,bid,66900,331.482
2024-07-30 01:06:28,BTCUSDT,bid,66900,331.104
2024-07-30 01:06:28,BTCUSDT,ask,68200,306.994
2024-07-30 01:06:28,BTCUSDT,bid,66900,331.104
2024-07-30 01:06:28,BTCUSDT,bid,66800,331.104
2024-07-30 01:06:28,BTCUSDT,ask,68200,306.994
2024-07-30 01:06:28,BTCUSDT,bid,66900,331.104
2024-07-30 01:06:28,BTCUSDT,ask,68200,306.994
2024-07-30 01:06:29,BTCUSDT,bid,66900,334.906
2024-07-30 01:06:29,BTCUSDT,bid,66900,334.906
2024-07-30 01:06:29,BTCUSDT,bid,66800,334.922
2024-07-30 01:06:29,BTCUSDT,bid,66900,334.906
2024-07-30 01:06:29,BTCUSDT,bid,66900,334.906
2024-07-30 01:06:29,BTCUSDT,bid,66900,334.908
2024-07-30 01:06:30,BTCUSDT,bid,66900,327.081
2024-07-30 01:06:30,BTCUSDT,bid,66800,327.081
2024-07-30 01:06:30,BTCUSDT,bid,66900,327.1
2024-07-30 01:06:30,BTCUSDT,bid,66900,327.081
2024-07-30 01:06:30,BTCUSDT,ask,68200,301.524
2024-07-30 01:06:30,BTCUSDT,ask,68200,301.495
2024-07-30 01:06:30,BTCUSDT,ask,68200,301.661
2024-07-30 01:06:30,BTCUSDT,bid,66900,327.081
2024-07-30 01:06:31,BTCUSDT,bid,66900,326.982
2024-07-30 01:06:31,BTCUSDT,ask,68200,297.05
2024-07-30 01:06:31,BTCUSDT,bid,66900,326.976
2024-07-30 01:06:31,BTCUSDT,ask,68200,297.054
2024-07-30 01:06:31,BTCUSDT,ask,68200,297.05
2024-07-30 01:06:31,BTCUSDT,bid,66900,326.982
2024-07-30 01:06:31,BTCUSDT,ask,68200,297.057
2024-07-30 01:06:31,BTCUSDT,ask,68200,297.06
2024-07-30 01:06:31,BTCUSDT,ask,68200,297.05
2024-07-30 01:06:31,BTCUSDT,bid,66900,326.976
2024-07-30 01:06:31,BTCUSDT,ask,68200,297.054
2024-07-30 01:06:32,BTCUSDT,bid,66900,326.016
2024-07-30 01:06:32,BTCUSDT,bid,66800,326.012
2024-07-30 01:06:32,BTCUSDT,ask,68200,293.462
2024-07-30 01:06:32,BTCUSDT,bid,66900,326.012
2024-07-30 01:06:32,BTCUSDT,ask,68200,293.462
2024-07-30 01:06:32,BTCUSDT,ask,68200,293.466
2024-07-30 01:06:32,BTCUSDT,bid,66900,326.018
2024-07-30 01:06:32,BTCUSDT,bid,66800,326.012
2024-07-30 01:06:33,BTCUSDT,bid,66900,326.028
2024-07-30 01:06:33,BTCUSDT,bid,66900,326.028
2024-07-30 01:06:33,BTCUSDT,bid,66900,326.028
2024-07-30 01:06:33,BTCUSDT,bid,66900,326.057
2024-07-30 01:06:34,BTCUSDT,bid,66900,320.535
2024-07-30 01:06:34,BTCUSDT,bid,66800,320.535
2024-07-30 01:06:34,BTCUSDT,bid,66900,320.539
2024-07-30 01:06:34,BTCUSDT,bid,66900,320.965
2024-07-30 01:06:34,BTCUSDT,bid,66900,320.553
2024-07-30 01:06:35,BTCUSDT,bid,66900,315.14
2024-07-30 01:06:35,BTCUSDT,bid,66800,315.14
2024-07-30 01:06:35,BTCUSDT,bid,66900,315.14
2024-07-30 01:06:36,BTCUSDT,bid,66900,309.498
2024-07-30 01:06:36,BTCUSDT,bid,66900,309.498
2024-07-30 01:06:36,BTCUSDT,ask,72400,289.758
2024-07-30 01:06:36,BTCUSDT,bid,66900,309.498
2024-07-30 01:06:36,BTCUSDT,bid,66900,309.521
2024-07-30 01:06:37,BTCUSDT,ask,69500,291.092
2024-07-30 01:06:37,BTCUSDT,ask,68200,294.897
2024-07-30 01:06:41,BTCUSDT,ask,71700,292.419
2024-07-30 01:06:41,BTCUSDT,ask,70300,292.419
2024-07-30 01:06:42,BTCUSDT,ask,68200,296.888
2024-07-30 01:06:42,BTCUSDT,ask,68200,296.595
2024-07-30 01:06:42,BTCUSDT,ask,68100,296.595
2024-07-30 01:06:43,BTCUSDT,ask,68300,301.071
2024-07-30 01:06:43,BTCUSDT,ask,68100,301.071
2024-07-30 01:06:43,BTCUSDT,ask,68100,301.073
2024-07-30 01:06:44,BTCUSDT,ask,68100,298.771
2024-07-30 01:06:44,BTCUSDT,ask,68100,298.762
2024-07-30 01:06:44,BTCUSDT,ask,73900,298.762
2024-07-30 01:06:44,BTCUSDT,ask,68100,298.762
2024-07-30 01:06:45,BTCUSDT,ask,68400,295.087
2024-07-30 01:06:45,BTCUSDT,ask,68100,294.028
2024-07-30 01:06:45,BTCUSDT,ask,68100,294.066
2024-07-30 01:06:45,BTCUSDT,ask,68100,298.241
2024-07-30 01:07:08,BTCUSDT,ask,68100,293.784
2024-07-30 01:07:08,BTCUSDT,ask,68100,293.784
2024-07-30 01:07:09,BTCUSDT,ask,68100,293.784
2024-07-30 01:07:10,BTCUSDT,ask,68200,295.895
2024-07-30 01:07:10,BTCUSDT,ask,68100,295.895
2024-07-30 01:07:10,BTCUSDT,ask,68100,295.895
2024-07-30 01:07:10,BTCUSDT,bid,66900,298.687
2024-07-30 01:07:10,BTCUSDT,ask,68100,295.895
2024-07-30 01:07:10,BTCUSDT,bid,66900,319.941
2024-07-30 01:07:11,BTCUSDT,ask,68100,301.987
2024-07-30 01:07:11,BTCUSDT,bid,66900,319.943
2024-07-30 01:07:11,BTCUSDT,ask,68100,301.989
2024-07-30 01:07:11,BTCUSDT,ask,68100,301.987
2024-07-30 01:07:11,BTCUSDT,ask,68100,301.987
2024-07-30 01:07:11,BTCUSDT,bid,66900,319.946
2024-07-30 01:07:11,BTCUSDT,ask,68100,301.987
2024-07-30 01:07:11,BTCUSDT,bid,66900,319.941
2024-07-30 01:07:11,BTCUSDT,ask,68100,301.989
2024-07-30 01:07:12,BTCUSDT,bid,66900,345.257
2024-07-30 01:07:12,BTCUSDT,ask,68100,301.161
2024-07-30 01:07:12,BTCUSDT,bid,66900,345.257
2024-07-30 01:07:12,BTCUSDT,ask,68100,300.422
2024-07-30 01:07:12,BTCUSDT,bid,66800,345.257
2024-07-30 01:07:12,BTCUSDT,ask,68100,300.422
2024-07-30 01:07:12,BTCUSDT,bid,66900,345.259
2024-07-30 01:07:12,BTCUSDT,bid,66900,345.257
2024-07-30 01:07:12,BTCUSDT,ask,68100,300.422
2024-07-30 01:07:12,BTCUSDT,bid,66900,345.257
2024-07-30 01:07:13,BTCUSDT,bid,66900,369.148
2024-07-30 01:07:13,BTCUSDT,bid,66800,369.148
2024-07-30 01:07:13,BTCUSDT,ask,68100,298.813
2024-07-30 01:07:13,BTCUSDT,bid,66900,369.148
2024-07-30 01:07:13,BTCUSDT,ask,68100,298.813
2024-07-30 01:07:13,BTCUSDT,bid,66900,369.327
2024-07-30 01:07:13,BTCUSDT,bid,66900,369.148
2024-07-30 01:07:13,BTCUSDT,bid,66800,359.475
2024-07-30 01:07:14,BTCUSDT,bid,66900,359.521
2024-07-30 01:07:14,BTCUSDT,bid,66900,359.475
2024-07-30 01:07:14,BTCUSDT,bid,66900,339.05
2024-07-30 01:07:15,BTCUSDT,ask,67700,308.558
2024-07-30 01:07:15,BTCUSDT,bid,66900,339.052
2024-07-30 01:07:15,BTCUSDT,bid,66900,339.079
2024-07-30 01:07:15,BTCUSDT,bid,66900,339.05
2024-07-30 01:07:15,BTCUSDT,bid,66900,339.052
2024-07-30 01:07:15,BTCUSDT,bid,66900,339.05
2024-07-30 01:07:16,BTCUSDT,bid,66900,329.658
2024-07-30 01:07:16,BTCUSDT,bid,66900,329.658
2024-07-30 01:07:16,BTCUSDT,bid,66900,329.658
2024-07-30 01:07:16,BTCUSDT,bid,66900,329.658
2024-07-30 01:07:16,BTCUSDT,bid,66900,329.658
2024-07-30 01:07:16,BTCUSDT,bid,66900,329.658
2024-07-30 01:07:16,BTCUSDT,bid,66900,331.809
2024-07-30 01:07:17,BTCUSDT,bid,66900,330.353
2024-07-30 01:07:17,BTCUSDT,bid,66900,330.377
2024-07-30 01:07:17,BTCUSDT,bid,66900,330.381
2024-07-30 01:07:17,BTCUSDT,bid,66900,361.307
2024-07-30 01:07:17,BTCUSDT,bid,66900,330.746
2024-07-30 01:07:18,BTCUSDT,bid,66900,334.136
2024-07-30 01:07:18,BTCUSDT,bid,66900,334.136
2024-07-30 01:07:18,BTCUSDT,bid,66900,334.136
2024-07-30 01:07:18,BTCUSDT,bid,66900,334.136
2024-07-30 01:07:18,BTCUSDT,bid,66900,334.136
2024-07-30 01:07:18,BTCUSDT,bid,66900,334.165
2024-07-30 01:07:18,BTCUSDT,bid,66900,334.16
2024-07-30 01:07:18,BTCUSDT,bid,66900,334.136
2024-07-30 01:07:19,BTCUSDT,bid,66900,329.54
2024-07-30 01:07:19,BTCUSDT,bid,66900,329.54
2024-07-30 01:07:19,BTCUSDT,bid,66900,329.542
2024-07-30 01:07:19,BTCUSDT,bid,66900,329.564
2024-07-30 01:07:19,BTCUSDT,bid,66900,329.563
2024-07-30 01:07:20,BTCUSDT,bid,66900,325.031
2024-07-30 01:07:20,BTCUSDT,bid,66900,325.031
2024-07-30 01:07:20,BTCUSDT,bid,66900,325.031
2024-07-30 01:07:21,BTCUSDT,bid,66900,319.021
2024-07-30 01:07:21,BTCUSDT,bid,66900,319.001
2024-07-30 01:07:21,BTCUSDT,bid,66900,318.972
2024-07-30 01:07:21,BTCUSDT,bid,66900,318.976
2024-07-30 01:07:21,BTCUSDT,bid,66900,318.989
2024-07-30 01:07:21,BTCUSDT,bid,66900,318.972
2024-07-30 01:07:21,BTCUSDT,bid,66900,319.051
2024-07-30 01:07:22,BTCUSDT,bid,66900,322.093
2024-07-30 01:07:22,BTCUSDT,bid,66900,322.093
2024-07-30 01:07:22,BTCUSDT,bid,66800,322.093
2024-07-30 01:07:22,BTCUSDT,bid,66900,322.093
2024-07-30 01:07:22,BTCUSDT,bid,66900,322.093
2024-07-30 01:07:22,BTCUSDT,bid,66900,322.093
2024-07-30 01:07:22,BTCUSDT,bid,66900,326.337
2024-07-30 01:07:23,BTCUSDT,bid,66900,326.333
2024-07-30 01:07:23,BTCUSDT,bid,67000,326.333
2024-07-30 01:07:23,BTCUSDT,bid,66900,326.333
2024-07-30 01:07:23,BTCUSDT,bid,66900,326.337
2024-07-30 01:07:23,BTCUSDT,bid,67000,326.337
2024-07-30 01:07:24,BTCUSDT,bid,67000,324.481
2024-07-30 01:07:24,BTCUSDT,bid,67000,324.504
2024-07-30 01:07:24,BTCUSDT,bid,67000,324.548
2024-07-30 01:07:24,BTCUSDT,bid,67000,324.504
2024-07-30 01:07:24,BTCUSDT,bid,66900,324.483
2024-07-30 01:07:24,BTCUSDT,bid,66900,324.491
2024-07-30 01:07:24,BTCUSDT,bid,66900,324.511
2024-07-30 01:07:24,BTCUSDT,bid,67000,324.585
2024-07-30 01:07:24,BTCUSDT,bid,67000,324.585
2024-07-30 01:07:25,BTCUSDT,bid,66900,329.889
2024-07-30 01:07:25,BTCUSDT,bid,66900,329.87
2024-07-30 01:07:25,BTCUSDT,bid,67000,329.864
2024-07-30 01:07:25,BTCUSDT,bid,67000,329.86
2024-07-30 01:07:25,BTCUSDT,bid,66900,329.86
2024-07-30 01:07:25,BTCUSDT,bid,66900,322.505
2024-07-30 01:07:26,BTCUSDT,bid,67000,322.497
2024-07-30 01:07:26,BTCUSDT,bid,67000,322.495
2024-07-30 01:07:26,BTCUSDT,bid,66900,322.495
2024-07-30 01:07:26,BTCUSDT,bid,67000,322.499
2024-07-30 01:07:26,BTCUSDT,bid,66900,322.766
2024-07-30 01:07:26,BTCUSDT,bid,66900,317.896
2024-07-30 01:07:27,BTCUSDT,bid,66900,317.902
2024-07-30 01:07:27,BTCUSDT,bid,66900,317.896
2024-07-30 01:07:27,BTCUSDT,bid,66900,317.898
2024-07-30 01:07:27,BTCUSDT,bid,66900,317.898
2024-07-30 01:07:27,BTCUSDT,bid,66900,317.896
2024-07-30 01:07:27,BTCUSDT,bid,66900,311.61
2024-07-30 01:07:27,BTCUSDT,ask,100000,217.856
2024-07-30 01:07:28,BTCUSDT,bid,66900,311.61
2024-07-30 01:07:28,BTCUSDT,bid,66900,311.61
2024-07-30 01:07:28,BTCUSDT,bid,66900,311.61
2024-07-30 01:07:28,BTCUSDT,bid,66800,311.61
2024-07-30 01:07:28,BTCUSDT,bid,67000,311.61
2024-07-30 01:07:28,BTCUSDT,bid,67000,305.881
2024-07-30 01:07:29,BTCUSDT,bid,66900,306.368
2024-07-30 01:07:29,BTCUSDT,bid,67000,305.868
2024-07-30 01:07:29,BTCUSDT,bid,67000,305.872
2024-07-30 01:07:29,BTCUSDT,bid,67000,305.868
2024-07-30 01:07:29,BTCUSDT,bid,67000,305.868
2024-07-30 01:07:48,BTCUSDT,ask,70400,289.294
2024-07-30 01:07:55,BTCUSDT,ask,73600,281.098
2024-07-30 01:07:57,BTCUSDT,ask,68200,299.119
2024-07-30 01:08:37,BTCUSDT,bid,66900,299.703
2024-07-30 01:08:38,BTCUSDT,bid,66900,299.466
2024-07-30 01:08:38,BTCUSDT,bid,66900,299.466
2024-07-30 01:08:38,BTCUSDT,bid,66900,299.479
2024-07-30 01:08:38,BTCUSDT,bid,66900,299.466
2024-07-30 01:08:38,BTCUSDT,bid,66900,339.022
2024-07-30 01:08:39,BTCUSDT,bid,66900,339.022
2024-07-30 01:08:42,BTCUSDT,bid,66900,438.718
2024-07-30 01:08:42,BTCUSDT,bid,66900,438.718
2024-07-30 01:08:42,BTCUSDT,bid,66700,434.623
2024-07-30 01:08:43,BTCUSDT,bid,66900,434.627
2024-07-30 01:08:43,BTCUSDT,bid,66900,434.622
2024-07-30 01:08:43,BTCUSDT,bid,66900,434.619
2024-07-30 01:08:43,BTCUSDT,bid,66900,434.619
2024-07-30 01:08:43,BTCUSDT,bid,66700,435.025
2024-07-30 01:08:43,BTCUSDT,bid,66900,434.619
2024-07-30 01:08:43,BTCUSDT,bid,66700,435.025
2024-07-30 01:08:43,BTCUSDT,bid,66900,426.796
2024-07-30 01:08:44,BTCUSDT,bid,66900,426.796
2024-07-30 01:08:44,BTCUSDT,bid,66900,426.796
2024-07-30 01:08:44,BTCUSDT,bid,66900,426.796
2024-07-30 01:08:44,BTCUSDT,bid,66900,426.811
2024-07-30 01:08:44,BTCUSDT,bid,66900,427.033
2024-07-30 01:08:44,BTCUSDT,bid,66900,415.707
2024-07-30 01:08:47,BTCUSDT,bid,66900,402.157
2024-07-30 01:08:47,BTCUSDT,bid,66900,402.157
2024-07-30 01:08:47,BTCUSDT,bid,66900,402.157
2024-07-30 01:08:48,BTCUSDT,bid,66900,397.077
2024-07-30 01:08:50,BTCUSDT,bid,66700,397.159
2024-07-30 01:08:50,BTCUSDT,bid,66900,396.99
2024-07-30 01:08:51,BTCUSDT,bid,66900,393.387
2024-07-30 01:08:51,BTCUSDT,bid,66900,393.624
2024-07-30 01:08:51,BTCUSDT,bid,66900,393.624
2024-07-30 01:08:52,BTCUSDT,bid,66900,378.841
2024-07-30 01:08:52,BTCUSDT,bid,66900,378.646
2024-07-30 01:08:52,BTCUSDT,bid,66900,375.765
2024-07-30 01:08:53,BTCUSDT,bid,66900,376.002
2024-07-30 01:08:53,BTCUSDT,bid,67000,375.767
2024-07-30 01:08:53,BTCUSDT,bid,67000,378.323
2024-07-30 01:08:53,BTCUSDT,bid,67000,375.767
2024-07-30 01:08:54,BTCUSDT,bid,67100,368.634
2024-07-30 01:09:54,BTCUSDT,ask,67900,294.981
2024-07-30 01:09:54,BTCUSDT,ask,67900,294.981
2024-07-30 01:09:55,BTCUSDT,ask,67900,295.676
2024-07-30 01:09:55,BTCUSDT,ask,67900,295.676
2024-07-30 01:09:55,BTCUSDT,ask,67900,295.681
2024-07-30 01:09:55,BTCUSDT,ask,67900,295.676
2024-07-30 01:09:56,BTCUSDT,ask,67900,295.102
2024-07-30 01:09:56,BTCUSDT,ask,67900,294.897
2024-07-30 01:09:56,BTCUSDT,ask,67900,294.897
2024-07-30 01:09:56,BTCUSDT,ask,67900,294.897
2024-07-30 01:10:02,BTCUSDT,ask,67700,296.592
2024-07-30 01:10:03,BTCUSDT,ask,67700,297.129
2024-07-30 01:10:03,BTCUSDT,ask,67700,297.131
2024-07-30 01:10:03,BTCUSDT,ask,67700,297.129
2024-07-30 01:10:03,BTCUSDT,ask,67700,297.131
2024-07-30 01:13:02,BTCUSDT,ask,67700,302.024
2024-07-30 01:13:03,BTCUSDT,ask,67700,302.033
2024-07-30 01:13:03,BTCUSDT,ask,67700,302.024
2024-07-30 01:13:03,BTCUSDT,ask,67700,302.019
2024-07-30 01:13:04,BTCUSDT,ask,67700,308.13
2024-07-30 01:13:04,BTCUSDT,ask,67700,308.13
2024-07-30 01:13:04,BTCUSDT,ask,67700,308.13
2024-07-30 01:13:04,BTCUSDT,ask,67700,308.125
2024-07-30 01:13:04,BTCUSDT,ask,67700,308.412
2024-07-30 01:13:46,BTCUSDT,ask,72100,427.971
2024-07-30 01:14:00,BTCUSDT,ask,67300,304.868
2024-07-30 01:14:01,BTCUSDT,ask,67300,304.97
2024-07-30 01:14:01,BTCUSDT,ask,67300,304.868
2024-07-30 01:14:04,BTCUSDT,ask,67300,304.979
2024-07-30 01:14:04,BTCUSDT,ask,67300,304.995
2024-07-30 01:14:04,BTCUSDT,ask,67300,304.986
2024-07-30 01:14:05,BTCUSDT,ask,67300,304.884
2024-07-30 01:14:06,BTCUSDT,ask,67300,304.914
2024-07-30 01:14:22,BTCUSDT,ask,72100,427.965
2024-07-30 01:17:54,BTCUSDT,ask,67900,310.392
2024-07-30 01:18:02,BTCUSDT,ask,67900,310.454
2024-07-30 01:18:42,BTCUSDT,ask,67900,310.46
2024-07-30 01:18:59,BTCUSDT,ask,67900,310.463
2024-07-30 01:19:26,BTCUSDT,ask,67900,310.454
2024-07-30 01:19:54,BTCUSDT,ask,67900,310.456
2024-07-30 01:20:07,BTCUSDT,ask,67900,312.376
2024-07-30 01:20:23,BTCUSDT,ask,67900,312.373
2024-07-30 01:20:58,BTCUSDT,ask,67900,312.311
2024-07-30 01:21:17,BTCUSDT,ask,67900,312.302
2024-07-30 01:21:41,BTCUSDT,ask,67900,312.27
2024-07-30 01:22:00,BTCUSDT,bid,60800,858.691
2024-07-30 01:22:33,BTCUSDT,ask,67900,312.26
2024-07-30 01:24:27,BTCUSDT,ask,68000,316.707
2024-07-30 01:24:28,BTCUSDT,ask,68000,308.693
2024-07-30 01:24:28,BTCUSDT,ask,68000,308.693
2024-07-30 01:24:30,BTCUSDT,ask,67700,295.32
2024-07-30 01:25:07,BTCUSDT,bid,67500,338.652
2024-07-30 01:25:33,BTCUSDT,ask,67900,312.984
2024-07-30 01:25:43,BTCUSDT,ask,67800,295.695
2024-07-30 01:25:44,BTCUSDT,ask,72600,508.702
2024-07-30 01:25:45,BTCUSDT,ask,67900,313.114
2024-07-30 01:25:50,BTCUSDT,ask,67900,313.119
2024-07-30 01:25:54,BTCUSDT,ask,67900,313.113
2024-07-30 01:26:02,BTCUSDT,ask,67900,313.108
2024-07-30 01:26:07,BTCUSDT,ask,67900,312.386
2024-07-30 01:26:10,BTCUSDT,ask,67900,312.177
2024-07-30 01:26:18,BTCUSDT,ask,68100,341.341
2024-07-30 01:26:36,BTCUSDT,ask,67800,340.802
2024-07-30 01:26:36,BTCUSDT,ask,67800,340.791
2024-07-30 01:26:36,BTCUSDT,ask,67800,340.788
2024-07-30 01:26:37,BTCUSDT,ask,67800,331.354
2024-07-30 01:26:39,BTCUSDT,ask,67800,314.245
2024-07-30 01:26:39,BTCUSDT,ask,67800,314.256
2024-07-30 01:26:39,BTCUSDT,ask,67800,314.245
2024-07-30 01:26:39,BTCUSDT,ask,67800,314.245
2024-07-30 01:26:40,BTCUSDT,ask,67800,301.099
2024-07-30 01:26:41,BTCUSDT,ask,67900,312.179
2024-07-30 01:26:48,BTCUSDT,ask,67900,312.171
2024-07-30 01:27:05,BTCUSDT,ask,67900,312.371
2024-07-30 01:27:43,BTCUSDT,ask,67900,312.438
2024-07-30 01:27:48,BTCUSDT,ask,67900,312.494
2024-07-30 01:28:04,BTCUSDT,ask,67900,312.599
2024-07-30 01:28:44,BTCUSDT,ask,67900,312.609
2024-07-30 01:28:51,BTCUSDT,ask,67900,312.903
2024-07-30 01:28:57,BTCUSDT,ask,67900,312.932
2024-07-30 01:30:58,BTCUSDT,ask,67900,312.947
2024-07-30 01:30:59,BTCUSDT,ask,67900,312.957
2024-07-30 01:31:09,BTCUSDT,ask,72100,427.963
2024-07-30 01:31:24,BTCUSDT,ask,69000,921.727
2024-07-30 01:31:26,BTCUSDT,ask,69000,921.741
2024-07-30 01:31:47,BTCUSDT,ask,67900,312.943
2024-07-30 01:32:21,BTCUSDT,ask,67900,312.941
2024-07-30 01:32:51,BTCUSDT,ask,67900,312.942
2024-07-30 01:33:36,BTCUSDT,ask,67900,312.929
2024-07-30 01:34:11,BTCUSDT,ask,67900,312.919
2024-07-30 01:35:08,BTCUSDT,ask,67900,312.929
2024-07-30 01:35:16,BTCUSDT,ask,67900,313.129
2024-07-30 01:35:18,BTCUSDT,ask,67900,312.929
2024-07-30 01:35:34,BTCUSDT,ask,67900,312.931
2024-07-30 01:35:34,BTCUSDT,ask,72100,427.965
2024-07-30 01:37:45,BTCUSDT,ask,67900,313.352
2024-07-30 01:38:00,BTCUSDT,ask,67900,313.552
2024-07-30 01:38:02,BTCUSDT,ask,67900,313.352
2024-07-30 01:42:36,BTCUSDT,ask,67900,313.45
2024-07-30 01:42:50,BTCUSDT,ask,67900,313.429
2024-07-30 01:43:54,BTCUSDT,ask,72100,427.985
2024-07-30 01:44:22,BTCUSDT,ask,67900,313.427
2024-07-30 01:44:44,BTCUSDT,ask,67900,313.429
2024-07-30 01:44:47,BTCUSDT,ask,67500,362.4
2024-07-30 01:46:19,BTCUSDT,ask,67900,313.612
2024-07-30 01:50:44,BTCUSDT,ask,67900,313.67
2024-07-30 01:50:51,BTCUSDT,ask,67500,361.797
2024-07-30 01:51:05,BTCUSDT,ask,67900,311.98
2024-07-30 01:51:23,BTCUSDT,ask,67900,314.008
2024-07-30 01:51:34,BTCUSDT,ask,67600,310.289
2024-07-30 01:51:34,BTCUSDT,ask,67600,310.269
2024-07-30 01:51:34,BTCUSDT,ask,67600,310.288
2024-07-30 01:51:34,BTCUSDT,ask,67600,333.604
2024-07-30 01:51:34,BTCUSDT,ask,67600,333.609
2024-07-30 01:51:35,BTCUSDT,ask,67600,333.604
2024-07-30 01:51:35,BTCUSDT,ask,67600,356.732
2024-07-30 01:51:36,BTCUSDT,ask,67600,356.728
2024-07-30 01:51:36,BTCUSDT,ask,67600,356.732
2024-07-30 01:51:36,BTCUSDT,ask,67600,356.732
2024-07-30 01:51:36,BTCUSDT,ask,67600,356.739
2024-07-30 01:51:37,BTCUSDT,ask,67600,378.808
2024-07-30 01:51:37,BTCUSDT,ask,67600,378.81
2024-07-30 01:51:37,BTCUSDT,ask,67600,378.81
2024-07-30 01:51:37,BTCUSDT,ask,67600,378.81
2024-07-30 01:51:37,BTCUSDT,ask,67600,378.845
2024-07-30 01:51:37,BTCUSDT,ask,67600,378.81
2024-07-30 01:51:37,BTCUSDT,ask,67600,378.811
2024-07-30 01:51:38,BTCUSDT,ask,67600,401.882
2024-07-30 01:51:38,BTCUSDT,ask,67600,401.886
2024-07-30 01:51:39,BTCUSDT,ask,67600,430.121
2024-07-30 01:51:39,BTCUSDT,ask,67600,430.121
2024-07-30 01:51:40,BTCUSDT,ask,67600,457.183
2024-07-30 01:51:40,BTCUSDT,ask,67600,457.183
2024-07-30 01:51:41,BTCUSDT,ask,67600,484.601
2024-07-30 01:51:41,BTCUSDT,ask,67600,486.185
2024-07-30 01:51:43,BTCUSDT,ask,67600,467.549
2024-07-30 01:51:43,BTCUSDT,ask,67600,468.641
2024-07-30 01:51:43,BTCUSDT,ask,67700,467.583
2024-07-30 01:51:43,BTCUSDT,ask,67600,467.584
2024-07-30 01:51:43,BTCUSDT,ask,67600,467.547
2024-07-30 01:51:43,BTCUSDT,ask,67600,489.924
2024-07-30 01:51:43,BTCUSDT,ask,67600,453.349
2024-07-30 01:51:44,BTCUSDT,ask,67600,453.256
2024-07-30 01:51:44,BTCUSDT,ask,67600,453.271
2024-07-30 01:51:44,BTCUSDT,ask,67600,453.237
2024-07-30 01:51:44,BTCUSDT,ask,67600,453.237
2024-07-30 01:51:44,BTCUSDT,ask,67600,453.24
2024-07-30 01:51:45,BTCUSDT,ask,67600,430.941
2024-07-30 01:51:46,BTCUSDT,ask,67600,431.052
2024-07-30 01:51:46,BTCUSDT,ask,67600,431.052
2024-07-30 01:51:46,BTCUSDT,ask,67600,431.052
2024-07-30 01:51:46,BTCUSDT,ask,67600,430.941
2024-07-30 01:51:46,BTCUSDT,ask,67600,430.944
2024-07-30 01:51:46,BTCUSDT,ask,67600,430.944
2024-07-30 01:51:47,BTCUSDT,ask,67600,420.509
2024-07-30 01:51:47,BTCUSDT,ask,67600,420.49
2024-07-30 01:51:47,BTCUSDT,ask,67600,420.509
2024-07-30 01:51:47,BTCUSDT,ask,67600,420.489
2024-07-30 01:51:48,BTCUSDT,ask,67600,411.636
2024-07-30 01:51:48,BTCUSDT,ask,67600,411.614
2024-07-30 01:51:49,BTCUSDT,ask,67600,401.668
2024-07-30 01:51:49,BTCUSDT,ask,67600,401.862
2024-07-30 01:51:49,BTCUSDT,ask,67600,401.862
2024-07-30 01:51:49,BTCUSDT,ask,67600,394.924
2024-07-30 01:51:50,BTCUSDT,ask,67600,394.924
2024-07-30 01:51:50,BTCUSDT,ask,67600,394.917
2024-07-30 01:51:50,BTCUSDT,ask,67600,394.924
2024-07-30 01:51:50,BTCUSDT,ask,67700,387.486
2024-07-30 01:51:51,BTCUSDT,ask,67600,387.562
2024-07-30 01:51:51,BTCUSDT,ask,67600,387.483
2024-07-30 01:51:51,BTCUSDT,ask,67600,387.492
2024-07-30 01:51:51,BTCUSDT,ask,67600,387.488
2024-07-30 01:51:51,BTCUSDT,ask,67600,387.483
2024-07-30 01:51:51,BTCUSDT,ask,67600,388.035
2024-07-30 01:51:51,BTCUSDT,ask,67600,380.823
2024-07-30 01:51:52,BTCUSDT,ask,67600,380.873
2024-07-30 01:51:52,BTCUSDT,ask,67600,380.816
2024-07-30 01:51:52,BTCUSDT,ask,67600,380.814
2024-07-30 01:51:53,BTCUSDT,ask,67600,382.686
2024-07-30 01:51:53,BTCUSDT,ask,67600,382.69
2024-07-30 01:51:53,BTCUSDT,ask,67600,382.686
2024-07-30 01:51:53,BTCUSDT,ask,67600,382.69
2024-07-30 01:51:53,BTCUSDT,ask,67600,382.692
2024-07-30 01:51:53,BTCUSDT,ask,67600,382.695
2024-07-30 01:51:53,BTCUSDT,ask,67600,382.695
2024-07-30 01:51:53,BTCUSDT,ask,67600,389.344
2024-07-30 01:51:54,BTCUSDT,ask,67600,389.346
2024-07-30 01:51:54,BTCUSDT,ask,67600,389.558
2024-07-30 01:51:54,BTCUSDT,ask,67600,389.349
2024-07-30 01:51:54,BTCUSDT,ask,67600,389.351
2024-07-30 01:51:55,BTCUSDT,ask,67600,389.173
2024-07-30 01:51:55,BTCUSDT,ask,67600,389.173
2024-07-30 01:51:55,BTCUSDT,ask,67600,389.173
2024-07-30 01:51:55,BTCUSDT,ask,67600,389.171
2024-07-30 01:51:55,BTCUSDT,ask,67600,389.173
2024-07-30 01:51:55,BTCUSDT,ask,67600,388.771
2024-07-30 01:51:56,BTCUSDT,ask,67600,388.771
2024-07-30 01:51:56,BTCUSDT,ask,67600,388.771
2024-07-30 01:51:56,BTCUSDT,ask,67600,388.771
2024-07-30 01:51:56,BTCUSDT,ask,67600,388.771
2024-07-30 01:51:56,BTCUSDT,ask,67600,388.771
2024-07-30 01:51:56,BTCUSDT,ask,67600,388.773
2024-07-30 01:51:57,BTCUSDT,ask,67600,387.458
2024-07-30 01:51:57,BTCUSDT,ask,67600,387.785
2024-07-30 01:51:57,BTCUSDT,ask,67600,387.455
2024-07-30 01:51:57,BTCUSDT,ask,67600,387.785
2024-07-30 01:51:57,BTCUSDT,ask,67600,387.455
2024-07-30 01:51:58,BTCUSDT,ask,67600,383.13
2024-07-30 01:51:58,BTCUSDT,ask,67600,383.13
2024-07-30 01:51:58,BTCUSDT,ask,67600,383.13
2024-07-30 01:51:58,BTCUSDT,ask,67600,383.127
2024-07-30 01:51:58,BTCUSDT,ask,67600,379.202
2024-07-30 01:51:59,BTCUSDT,ask,67600,379.199
2024-07-30 01:51:59,BTCUSDT,ask,67600,379.199
2024-07-30 01:51:59,BTCUSDT,ask,67600,379.199
2024-07-30 01:51:59,BTCUSDT,ask,67600,379.201
2024-07-30 01:51:59,BTCUSDT,ask,67600,379.202
2024-07-30 01:52:00,BTCUSDT,ask,67600,376.179
2024-07-30 01:52:00,BTCUSDT,ask,67600,376.284
2024-07-30 01:52:01,BTCUSDT,ask,67500,377.246
2024-07-30 01:52:01,BTCUSDT,ask,67500,377.231
2024-07-30 01:52:01,BTCUSDT,ask,67500,376.934
2024-07-30 01:52:02,BTCUSDT,ask,67500,380.593
2024-07-30 01:52:03,BTCUSDT,ask,67500,379.162
2024-07-30 01:52:03,BTCUSDT,ask,67500,379.512
2024-07-30 01:52:04,BTCUSDT,ask,67500,377.416
2024-07-30 01:52:05,BTCUSDT,ask,67500,379.588
2024-07-30 01:52:05,BTCUSDT,ask,67500,380.024
2024-07-30 01:52:05,BTCUSDT,ask,67500,379.52
2024-07-30 01:52:05,BTCUSDT,ask,67500,379.523
2024-07-30 01:52:05,BTCUSDT,ask,67500,379.521
2024-07-30 01:52:06,BTCUSDT,ask,67500,383.992
2024-07-30 01:52:06,BTCUSDT,ask,67900,314.045
2024-07-30 01:52:06,BTCUSDT,ask,67500,384.309
2024-07-30 01:52:06,BTCUSDT,ask,67500,383.995
2024-07-30 01:52:07,BTCUSDT,ask,67500,355.134
2024-07-30 01:52:07,BTCUSDT,ask,67500,355.28
2024-07-30 01:52:07,BTCUSDT,ask,67500,355.134
2024-07-30 01:52:07,BTCUSDT,ask,67500,357.284
2024-07-30 01:52:08,BTCUSDT,ask,67500,326.644
2024-07-30 01:52:08,BTCUSDT,ask,67500,326.635
2024-07-30 01:52:09,BTCUSDT,ask,67500,300.295
2024-07-30 01:52:09,BTCUSDT,ask,67500,299.422
2024-07-30 01:52:09,BTCUSDT,ask,67500,299.422
2024-07-30 01:52:09,BTCUSDT,ask,67500,299.422
2024-07-30 01:52:09,BTCUSDT,ask,67500,299.422
2024-07-30 01:53:24,BTCUSDT,ask,67900,316.102
2024-07-30 01:54:43,BTCUSDT,ask,67900,315.506
2024-07-30 01:55:07,BTCUSDT,ask,67900,315.521
2024-07-30 01:55:08,BTCUSDT,ask,67900,315.523
2024-07-30 01:55:11,BTCUSDT,ask,67500,297.181
2024-07-30 01:55:11,BTCUSDT,ask,67500,297.51
2024-07-30 01:55:11,BTCUSDT,ask,67500,297.193
2024-07-30 01:55:11,BTCUSDT,ask,67500,297.37
2024-07-30 01:55:12,BTCUSDT,ask,67500,306.352
2024-07-30 01:55:12,BTCUSDT,ask,67500,306.352
2024-07-30 01:55:12,BTCUSDT,ask,67600,306.174
2024-07-30 01:55:12,BTCUSDT,ask,67500,306.175
2024-07-30 01:55:12,BTCUSDT,ask,67500,306.352
2024-07-30 01:55:13,BTCUSDT,ask,67500,313.606
2024-07-30 01:55:13,BTCUSDT,ask,67600,320.782
2024-07-30 01:55:13,BTCUSDT,ask,67500,321.289
2024-07-30 01:55:14,BTCUSDT,ask,67500,320.982
2024-07-30 01:55:14,BTCUSDT,ask,67500,320.782
2024-07-30 01:55:14,BTCUSDT,ask,67500,320.782
2024-07-30 01:55:14,BTCUSDT,ask,67500,320.782
2024-07-30 01:55:14,BTCUSDT,ask,67500,311.852
2024-07-30 01:55:15,BTCUSDT,ask,67500,311.883
2024-07-30 01:55:15,BTCUSDT,ask,67500,311.854
2024-07-30 01:55:15,BTCUSDT,ask,67500,311.852
2024-07-30 01:55:16,BTCUSDT,ask,67500,303.025
2024-07-30 01:55:16,BTCUSDT,ask,67500,301.71
2024-07-30 01:55:16,BTCUSDT,ask,67500,302.029
2024-07-30 01:55:16,BTCUSDT,ask,67500,301.708
2024-07-30 01:55:16,BTCUSDT,ask,67500,301.708
2024-07-30 01:55:17,BTCUSDT,ask,67500,296.201
2024-07-30 01:55:17,BTCUSDT,ask,67900,315.467
2024-07-30 01:56:41,BTCUSDT,ask,67900,315.458
2024-07-30 01:57:13,BTCUSDT,ask,67900,315.384
2024-07-30 01:57:49,BTCUSDT,ask,67700,316.446
2024-07-30 01:57:49,BTCUSDT,ask,67700,316.448
2024-07-30 01:57:50,BTCUSDT,ask,67700,350.338
2024-07-30 01:57:50,BTCUSDT,ask,67700,350.34
2024-07-30 01:57:50,BTCUSDT,ask,67700,350.34
2024-07-30 01:57:50,BTCUSDT,ask,67700,350.34
2024-07-30 01:57:51,BTCUSDT,ask,67700,357.953
2024-07-30 01:57:51,BTCUSDT,ask,67700,357.953
2024-07-30 01:57:51,BTCUSDT,ask,67700,361.835
2024-07-30 01:57:52,BTCUSDT,ask,67700,361.835
2024-07-30 01:57:53,BTCUSDT,ask,67700,363.969
2024-07-30 01:57:53,BTCUSDT,ask,67700,365.553
2024-07-30 01:57:53,BTCUSDT,ask,67700,363.969
2024-07-30 01:57:54,BTCUSDT,ask,67700,365.142
2024-07-30 01:57:54,BTCUSDT,ask,67700,365.142
2024-07-30 01:57:54,BTCUSDT,ask,67700,365.833
2024-07-30 01:57:55,BTCUSDT,ask,67700,364.249
2024-07-30 01:57:55,BTCUSDT,ask,67700,364.249
2024-07-30 01:57:55,BTCUSDT,ask,67700,364.249
2024-07-30 01:57:56,BTCUSDT,ask,67700,363.485
2024-07-30 01:57:56,BTCUSDT,ask,67600,364.021
2024-07-30 01:57:56,BTCUSDT,ask,67700,363.485
2024-07-30 01:57:56,BTCUSDT,ask,67700,363.485
2024-07-30 01:57:57,BTCUSDT,ask,67600,363.578
2024-07-30 01:57:57,BTCUSDT,ask,67600,365.114
2024-07-30 01:57:57,BTCUSDT,ask,67700,365.116
2024-07-30 01:57:58,BTCUSDT,ask,67700,368.988
2024-07-30 01:57:58,BTCUSDT,ask,67700,368.988
2024-07-30 01:57:59,BTCUSDT,ask,67700,368.963
2024-07-30 01:58:00,BTCUSDT,ask,67600,366.258
2024-07-30 01:58:00,BTCUSDT,ask,67600,366.256
2024-07-30 01:58:01,BTCUSDT,ask,67600,369.796
2024-07-30 01:58:01,BTCUSDT,ask,67600,371.736
2024-07-30 01:58:01,BTCUSDT,ask,67600,369.798
2024-07-30 01:58:02,BTCUSDT,ask,67600,372.672
2024-07-30 01:58:02,BTCUSDT,ask,67600,372.674
2024-07-30 01:58:03,BTCUSDT,ask,67600,374.515
2024-07-30 01:58:03,BTCUSDT,ask,67600,374.811
2024-07-30 01:58:03,BTCUSDT,ask,67600,374.511
2024-07-30 01:58:03,BTCUSDT,ask,67600,374.602
2024-07-30 01:58:03,BTCUSDT,ask,67600,374.511
2024-07-30 01:58:04,BTCUSDT,ask,67600,362.209
2024-07-30 01:58:04,BTCUSDT,ask,67600,332.34
2024-07-30 01:58:05,BTCUSDT,ask,67600,332.367
2024-07-30 01:58:05,BTCUSDT,ask,67600,332.354
2024-07-30 01:58:05,BTCUSDT,ask,67600,332.878
2024-07-30 01:58:05,BTCUSDT,ask,67600,332.878
2024-07-30 01:58:05,BTCUSDT,ask,67600,332.34
2024-07-30 01:58:05,BTCUSDT,ask,67600,332.34
2024-07-30 01:58:06,BTCUSDT,ask,67600,302.646
2024-07-30 01:58:06,BTCUSDT,ask,67600,302.849
2024-07-30 01:58:06,BTCUSDT,ask,67600,302.646
2024-07-30 01:58:06,BTCUSDT,ask,67600,302.646
2024-07-30 01:58:45,BTCUSDT,ask,67600,324.328
2024-07-30 01:58:45,BTCUSDT,ask,67600,322.394
2024-07-30 01:58:46,BTCUSDT,ask,67600,322.39
2024-07-30 01:58:46,BTCUSDT,ask,67600,322.394
2024-07-30 01:58:46,BTCUSDT,ask,67600,322.394
2024-07-30 01:58:47,BTCUSDT,ask,67600,341.883
2024-07-30 01:58:47,BTCUSDT,ask,67600,341.889
2024-07-30 01:58:47,BTCUSDT,ask,67600,341.897
2024-07-30 01:58:47,BTCUSDT,ask,67600,341.889
2024-07-30 01:58:47,BTCUSDT,ask,67600,341.959
2024-07-30 01:58:48,BTCUSDT,ask,67600,341.959
2024-07-30 01:58:48,BTCUSDT,ask,67600,341.953
2024-07-30 01:58:48,BTCUSDT,ask,67600,343.893
2024-07-30 01:58:49,BTCUSDT,ask,67600,342.181
2024-07-30 01:58:49,BTCUSDT,ask,67600,412.774
2024-07-30 01:58:49,BTCUSDT,ask,67600,342.179
2024-07-30 01:58:49,BTCUSDT,ask,67600,407.267
2024-07-30 01:58:49,BTCUSDT,ask,67600,336.67
2024-07-30 01:58:50,BTCUSDT,ask,67600,407.267
2024-07-30 01:58:50,BTCUSDT,ask,67600,336.67
2024-07-30 01:58:50,BTCUSDT,ask,67600,336.67
2024-07-30 01:58:50,BTCUSDT,ask,67600,336.67
2024-07-30 01:58:50,BTCUSDT,ask,67600,337.114
2024-07-30 01:58:51,BTCUSDT,ask,67600,330.207
2024-07-30 01:58:51,BTCUSDT,ask,67600,330.226
2024-07-30 01:58:51,BTCUSDT,ask,67600,393.419
2024-07-30 01:58:52,BTCUSDT,ask,67600,322.826
2024-07-30 01:58:52,BTCUSDT,ask,67600,322.822
