2024-07-31 09:33:50,ETHUSDT,bid,3220,3143.505
2024-07-31 09:34:58,ETHUSDT,bid,3220,3142.451
2024-07-31 09:35:21,ETHUSDT,bid,3220,3377.908
2024-07-31 09:35:46,ETHUSDT,bid,3220,3438.075
2024-07-31 09:35:48,ETHUSDT,bid,3180,5123.966
2024-07-31 09:35:48,ETHUSDT,bid,3220,3139.349
2024-07-31 09:35:58,ETHUSDT,bid,3220,3377.908
2024-07-31 09:36:24,ETHUSDT,bid,3220,3371.768
2024-07-31 09:39:46,ETHUSDT,bid,3220,3371.743
2024-07-31 09:46:05,ETHUSDT,bid,3220,3430.836
2024-07-31 09:47:55,ETHUSDT,bid,3220,3430.991
2024-07-31 09:49:25,ETHUSDT,bid,3180,5124.028
2024-07-31 09:49:51,ETHUSDT,bid,3220,3371.898
2024-07-31 09:49:57,ETHUSDT,bid,3180,5119.028
2024-07-31 09:50:57,ETHUSDT,bid,3200,3671.181
2024-07-31 09:51:26,ETHUSDT,bid,3180,5119.017
2024-07-31 09:51:29,ETHUSDT,bid,3180,5119.517
2024-07-31 09:51:36,ETHUSDT,bid,3200,3671.328
2024-07-31 09:52:35,ETHUSDT,bid,3200,3671.181
2024-07-31 09:52:44,ETHUSDT,bid,3180,5120.517
2024-07-31 09:53:01,ETHUSDT,bid,3220,3382.221
2024-07-31 09:53:02,ETHUSDT,bid,3220,3392.544
2024-07-31 09:53:03,ETHUSDT,bid,3220,3402.867
2024-07-31 09:53:03,ETHUSDT,bid,3220,3413.19
2024-07-31 09:53:12,ETHUSDT,bid,3220,3423.511
2024-07-31 09:57:58,ETHUSDT,bid,3220,3423.557
2024-07-31 10:00:47,ETHUSDT,bid,3180,5120.455
2024-07-31 10:01:54,ETHUSDT,bid,3180,5120.573
2024-07-31 10:05:41,ETHUSDT,bid,3220,3402.913
2024-07-31 10:05:41,ETHUSDT,bid,3220,3392.59
2024-07-31 10:06:17,ETHUSDT,bid,3220,3382.267
2024-07-31 10:06:54,ETHUSDT,bid,3180,5120.673
2024-07-31 10:07:13,ETHUSDT,bid,3180,5121.301
2024-07-31 10:07:50,ETHUSDT,bid,3220,3371.944
2024-07-31 10:10:36,ETHUSDT,bid,3180,5121.201
2024-07-31 10:11:04,ETHUSDT,bid,3180,5121.181
2024-07-31 10:11:50,ETHUSDT,bid,3220,3139.996
2024-07-31 10:12:12,ETHUSDT,bid,3220,3356.758
2024-07-31 10:12:45,ETHUSDT,bid,3220,3356.382
2024-07-31 10:13:02,ETHUSDT,bid,3180,5121.174
2024-07-31 10:13:11,ETHUSDT,bid,3180,5121.194
2024-07-31 10:15:01,ETHUSDT,bid,3180,5119.494
2024-07-31 10:15:48,ETHUSDT,bid,3220,3356.391
2024-07-31 10:16:37,ETHUSDT,bid,3220,3370.329
2024-07-31 10:16:40,ETHUSDT,bid,2410,4159.717
2024-07-31 10:16:40,ETHUSDT,bid,3180,5119.479
2024-07-31 10:17:57,ETHUSDT,bid,3220,3368.329
2024-07-31 10:19:24,ETHUSDT,bid,2410,4159.736
2024-07-31 10:19:24,ETHUSDT,bid,3180,5119.493
2024-07-31 10:20:14,ETHUSDT,bid,3180,5118.993
2024-07-31 10:21:00,ETHUSDT,bid,3220,3354.391
2024-07-31 10:22:07,ETHUSDT,bid,3180,5134.716
2024-07-31 10:23:33,ETHUSDT,bid,2410,4159.717
2024-07-31 10:23:33,ETHUSDT,bid,3180,5134.702
2024-07-31 10:23:52,ETHUSDT,bid,3180,5134.71
2024-07-31 10:25:23,ETHUSDT,bid,2410,4159.736
2024-07-31 10:25:23,ETHUSDT,bid,3180,5134.724
2024-07-31 10:26:02,ETHUSDT,bid,3220,3354.988
2024-07-31 10:26:30,ETHUSDT,bid,3180,5119.001
2024-07-31 10:27:10,ETHUSDT,bid,3220,3356.238
2024-07-31 10:27:15,ETHUSDT,bid,3180,5134.724
2024-07-31 10:28:19,ETHUSDT,bid,3180,5134.879
2024-07-31 10:28:32,ETHUSDT,bid,3180,5135.093
2024-07-31 10:28:40,ETHUSDT,bid,3180,5135.063
2024-07-31 10:29:26,ETHUSDT,bid,2880,4768.857
2024-07-31 10:31:11,ETHUSDT,bid,3220,3359.338
2024-07-31 10:34:26,ETHUSDT,bid,3220,3365.53
2024-07-31 10:34:56,ETHUSDT,bid,3220,3359.338
2024-07-31 10:37:06,ETHUSDT,bid,3220,3365.53
2024-07-31 10:37:06,ETHUSDT,bid,3220,3368.626
2024-07-31 10:37:06,ETHUSDT,bid,3220,3374.819
2024-07-31 10:37:18,ETHUSDT,bid,3220,3381.012
2024-07-31 10:37:18,ETHUSDT,bid,3220,3387.206
2024-07-31 10:37:19,ETHUSDT,bid,3220,3393.398
2024-07-31 10:37:20,ETHUSDT,bid,3220,3399.591
2024-07-31 10:37:20,ETHUSDT,bid,3220,3399.706
2024-07-31 10:37:36,ETHUSDT,bid,3220,3393.514
2024-07-31 10:37:48,ETHUSDT,bid,3220,3387.321
2024-07-31 10:37:49,ETHUSDT,bid,3220,3381.127
2024-07-31 10:37:50,ETHUSDT,bid,3220,3368.742
2024-07-31 10:38:06,ETHUSDT,bid,3220,3365.646
2024-07-31 10:38:07,ETHUSDT,bid,3220,3359.453
2024-07-31 10:38:51,ETHUSDT,bid,3180,5135.463
2024-07-31 10:39:29,ETHUSDT,bid,3220,3360.276
2024-07-31 10:40:34,ETHUSDT,bid,3200,3671.237
2024-07-31 10:41:45,ETHUSDT,bid,3200,3671.181
2024-07-31 10:43:08,ETHUSDT,bid,3180,5135.398
2024-07-31 10:46:10,ETHUSDT,bid,3220,3359.453
2024-07-31 10:46:33,ETHUSDT,bid,3220,3359.523
2024-07-31 10:47:54,ETHUSDT,bid,3180,5135.539
2024-07-31 10:48:34,ETHUSDT,bid,3180,5135.699
2024-07-31 10:49:59,ETHUSDT,bid,3220,3359.678
2024-07-31 10:50:20,ETHUSDT,bid,3220,3140.018
2024-07-31 10:54:07,ETHUSDT,bid,3220,3365.871
2024-07-31 10:54:37,ETHUSDT,bid,3220,3359.678
2024-07-31 10:57:11,ETHUSDT,bid,3180,5135.691
2024-07-31 10:58:10,ETHUSDT,bid,3220,3310.368
2024-07-31 10:58:17,ETHUSDT,bid,3220,3310.298
2024-07-31 10:59:51,ETHUSDT,bid,3220,3141.294
2024-07-31 11:01:07,ETHUSDT,bid,3220,3314.763
2024-07-31 11:03:03,ETHUSDT,bid,3180,5163.956
2024-07-31 11:05:46,ETHUSDT,bid,3200,3671.15
2024-07-31 11:08:12,ETHUSDT,bid,3180,5164.789
2024-07-31 11:11:07,ETHUSDT,bid,2880,4769.268
2024-07-31 11:11:18,ETHUSDT,bid,3180,5164.799
2024-07-31 11:12:48,ETHUSDT,bid,3180,5165.201
2024-07-31 11:13:30,ETHUSDT,bid,3220,3314.143
2024-07-31 11:13:30,ETHUSDT,bid,3270,3130.368
2024-07-31 11:13:30,ETHUSDT,bid,3270,3377.104
2024-07-31 11:13:40,ETHUSDT,bid,3270,3624.981
2024-07-31 11:13:40,ETHUSDT,bid,3270,3649.424
2024-07-31 11:13:40,ETHUSDT,bid,3270,3624.981
2024-07-31 11:13:43,ETHUSDT,bid,3270,4300.835
2024-07-31 11:13:43,ETHUSDT,bid,3270,4751.171
2024-07-31 11:13:46,ETHUSDT,bid,3270,4751.207
2024-07-31 11:13:48,ETHUSDT,bid,3270,6071.977
2024-07-31 11:13:48,ETHUSDT,bid,3270,6366.333
2024-07-31 11:13:51,ETHUSDT,bid,3270,4587.83
2024-07-31 11:13:51,ETHUSDT,bid,3270,7278.46
2024-07-31 11:13:52,ETHUSDT,bid,3270,7623.176
2024-07-31 11:14:00,ETHUSDT,bid,3270,7626.176
2024-07-31 11:14:06,ETHUSDT,bid,3220,3313.546
2024-07-31 11:14:33,ETHUSDT,bid,3270,7626.191
2024-07-31 11:14:37,ETHUSDT,bid,3270,7645.957
2024-07-31 11:14:43,ETHUSDT,bid,3270,7626.191
2024-07-31 11:14:44,ETHUSDT,bid,3270,8405.274
2024-07-31 11:14:46,ETHUSDT,bid,3260,3246.661
2024-07-31 11:14:46,ETHUSDT,bid,3270,5164.896
2024-07-31 11:14:48,ETHUSDT,bid,3260,4802.751
2024-07-31 11:14:48,ETHUSDT,bid,3270,3608.806
2024-07-31 11:14:49,ETHUSDT,bid,3260,6363.52
2024-07-31 11:14:49,ETHUSDT,bid,3260,8066.091
2024-07-31 11:15:07,ETHUSDT,bid,3200,3666.05
2024-07-31 11:15:10,ETHUSDT,bid,3180,5165.305
2024-07-31 11:15:12,ETHUSDT,bid,3260,8082.091
2024-07-31 11:15:13,ETHUSDT,bid,3260,8092.091
2024-07-31 11:15:14,ETHUSDT,bid,3260,8066.091
2024-07-31 11:15:17,ETHUSDT,bid,3180,5165.298
2024-07-31 11:15:17,ETHUSDT,bid,3220,3316.494
2024-07-31 11:15:19,ETHUSDT,bid,3200,3668.138
2024-07-31 11:15:19,ETHUSDT,bid,3220,3316.959
2024-07-31 11:15:22,ETHUSDT,bid,3260,8066.091
2024-07-31 11:15:23,ETHUSDT,bid,3260,4825.713
2024-07-31 11:15:31,ETHUSDT,bid,3220,3317.459
2024-07-31 11:16:03,ETHUSDT,ask,3280,3626.603
2024-07-31 11:16:07,ETHUSDT,ask,3280,4365.923
2024-07-31 11:16:15,ETHUSDT,ask,3280,5423.08
2024-07-31 11:16:17,ETHUSDT,ask,3280,5461.266
2024-07-31 11:16:17,ETHUSDT,ask,3280,5883.28
2024-07-31 11:16:17,ETHUSDT,bid,3220,3317.466
2024-07-31 11:16:18,ETHUSDT,ask,3280,6193.263
2024-07-31 11:16:19,ETHUSDT,bid,3200,3668.438
2024-07-31 11:16:21,ETHUSDT,ask,3280,4483.932
2024-07-31 11:16:21,ETHUSDT,ask,3280,3537.157
2024-07-31 11:16:21,ETHUSDT,ask,3280,6587.022
2024-07-31 11:16:21,ETHUSDT,ask,3280,6882.99
2024-07-31 11:16:22,ETHUSDT,ask,3280,7192.973
2024-07-31 11:16:22,ETHUSDT,ask,3280,7552.542
2024-07-31 11:16:23,ETHUSDT,ask,3280,7954.066
2024-07-31 11:16:23,ETHUSDT,ask,3280,8325.129
2024-07-31 11:16:24,ETHUSDT,ask,3280,8599.18
2024-07-31 11:16:30,ETHUSDT,bid,3180,5163.749
2024-07-31 11:16:39,ETHUSDT,ask,3280,8599.24
2024-07-31 11:16:41,ETHUSDT,ask,3280,8601.24
2024-07-31 11:16:42,ETHUSDT,ask,3280,8604.669
2024-07-31 11:16:55,ETHUSDT,ask,3280,8604.69
2024-07-31 11:17:01,ETHUSDT,bid,3220,3317.466
2024-07-31 11:17:16,ETHUSDT,ask,3280,8605.297
2024-07-31 11:17:24,ETHUSDT,ask,3280,8605.267
2024-07-31 11:17:28,ETHUSDT,bid,3180,5163.703
2024-07-31 11:17:37,ETHUSDT,ask,3280,3463.668
2024-07-31 11:17:40,ETHUSDT,ask,3280,3463.676
2024-07-31 11:17:43,ETHUSDT,ask,3280,3463.762
2024-07-31 11:17:44,ETHUSDT,ask,3280,3463.676
2024-07-31 11:17:54,ETHUSDT,bid,3220,3317.776
2024-07-31 11:19:25,ETHUSDT,bid,3180,5164.331
2024-07-31 11:19:35,ETHUSDT,bid,3220,3317.466
2024-07-31 11:19:57,ETHUSDT,bid,3180,5164.3
2024-07-31 11:20:20,ETHUSDT,bid,3220,3317.533
2024-07-31 11:20:28,ETHUSDT,bid,3220,3317.466
2024-07-31 11:20:36,ETHUSDT,bid,3220,3316.966
2024-07-31 11:20:41,ETHUSDT,bid,3220,3317.038
2024-07-31 11:20:52,ETHUSDT,bid,3180,5164.426
2024-07-31 11:21:03,ETHUSDT,bid,3260,3372.699
2024-07-31 11:21:23,ETHUSDT,bid,3180,5164.496
2024-07-31 11:21:32,ETHUSDT,bid,3180,5337.496
2024-07-31 11:21:35,ETHUSDT,bid,3180,5337.426
2024-07-31 11:21:35,ETHUSDT,bid,3260,3372.239
2024-07-31 11:22:28,ETHUSDT,bid,3180,5337.35
2024-07-31 11:22:30,ETHUSDT,bid,3180,5337.357
2024-07-31 11:22:39,ETHUSDT,ask,3280,3338.185
2024-07-31 11:22:41,ETHUSDT,ask,3280,3635.843
2024-07-31 11:22:46,ETHUSDT,ask,3280,3975.184
2024-07-31 11:22:46,ETHUSDT,ask,3280,4308.544
2024-07-31 11:22:47,ETHUSDT,ask,3280,4691.969
2024-07-31 11:22:50,ETHUSDT,ask,3280,5059.591
2024-07-31 11:22:53,ETHUSDT,bid,3220,3146.294
2024-07-31 11:22:53,ETHUSDT,ask,3280,5059.691
2024-07-31 11:22:55,ETHUSDT,ask,3280,5339.83
2024-07-31 11:23:00,ETHUSDT,ask,3280,5805.507
2024-07-31 11:23:00,ETHUSDT,ask,3280,6209.317
2024-07-31 11:23:01,ETHUSDT,bid,3180,5343.76
2024-07-31 11:23:03,ETHUSDT,ask,3280,4991.941
2024-07-31 11:23:03,ETHUSDT,ask,3280,3732.841
2024-07-31 11:23:03,ETHUSDT,ask,3280,3365.219
2024-07-31 11:23:03,ETHUSDT,ask,3280,3215.754
2024-07-31 11:23:04,ETHUSDT,ask,3280,5172.673
2024-07-31 11:23:05,ETHUSDT,ask,3280,5540.14
2024-07-31 11:23:06,ETHUSDT,ask,3280,6174.847
2024-07-31 11:23:07,ETHUSDT,ask,3280,6479.818
2024-07-31 11:23:07,ETHUSDT,ask,3280,6865.105
2024-07-31 11:23:13,ETHUSDT,ask,3280,7241.565
2024-07-31 11:23:18,ETHUSDT,ask,3280,3304.722
2024-07-31 11:23:18,ETHUSDT,ask,3280,3959.462
2024-07-31 11:23:19,ETHUSDT,ask,3280,5200.957
2024-07-31 11:23:19,ETHUSDT,ask,3280,6523.092
2024-07-31 11:23:20,ETHUSDT,ask,3280,6926.902
2024-07-31 11:23:20,ETHUSDT,ask,3280,7260.262
2024-07-31 11:23:20,ETHUSDT,ask,3280,7645.549
2024-07-31 11:23:23,ETHUSDT,bid,3220,3141.294
2024-07-31 11:23:25,ETHUSDT,ask,3280,7935.664
2024-07-31 11:23:30,ETHUSDT,ask,3280,8303.821
2024-07-31 11:23:31,ETHUSDT,bid,3180,5343.861
2024-07-31 11:23:59,ETHUSDT,ask,3280,8655.554
2024-07-31 11:24:13,ETHUSDT,ask,3280,8681.46
2024-07-31 11:24:18,ETHUSDT,ask,3280,8655.554
2024-07-31 11:24:24,ETHUSDT,bid,3220,3323.232
2024-07-31 11:24:46,ETHUSDT,ask,3280,8655.094
2024-07-31 11:25:03,ETHUSDT,ask,3280,8655.118
2024-07-31 13:50:33,ETHUSDT,bid,3210,4016.667
2024-07-31 13:50:34,ETHUSDT,bid,3210,5016.667
2024-07-31 13:50:34,ETHUSDT,bid,3210,6016.667
2024-07-31 13:50:34,ETHUSDT,bid,3210,7016.667
2024-07-31 13:51:31,ETHUSDT,bid,3200,3723.158
2024-07-31 13:52:56,ETHUSDT,bid,3200,3723.309
2024-07-31 13:54:23,ETHUSDT,bid,3220,3354.547
2024-07-31 13:56:38,ETHUSDT,bid,3220,3149.961
2024-07-31 14:01:34,ETHUSDT,bid,3220,3354.505
2024-07-31 14:01:37,ETHUSDT,bid,3220,3354.474
2024-07-31 14:03:23,ETHUSDT,bid,3310,3640.108
2024-07-31 14:03:23,ETHUSDT,bid,3310,3455.597
2024-07-31 14:03:24,ETHUSDT,bid,3310,3722.076
2024-07-31 14:03:24,ETHUSDT,bid,3310,3662.076
2024-07-31 14:03:26,ETHUSDT,bid,3310,3662.069
2024-07-31 14:03:28,ETHUSDT,bid,3310,3662.076
2024-07-31 14:03:29,ETHUSDT,bid,3310,3780.251
2024-07-31 14:03:31,ETHUSDT,bid,3310,3780.244
2024-07-31 14:03:32,ETHUSDT,bid,3310,3948.172
2024-07-31 14:03:33,ETHUSDT,bid,3310,4174.771
2024-07-31 14:03:34,ETHUSDT,bid,3310,3948.172
2024-07-31 14:03:40,ETHUSDT,bid,3310,3948.24
2024-07-31 14:03:43,ETHUSDT,bid,3310,3948.247
2024-07-31 14:03:45,ETHUSDT,bid,3310,4151.042
2024-07-31 14:03:46,ETHUSDT,bid,3310,4303.11
2024-07-31 14:03:46,ETHUSDT,bid,3310,4303.117
2024-07-31 14:03:46,ETHUSDT,bid,3310,4318.117
2024-07-31 14:03:47,ETHUSDT,bid,3310,4318.11
2024-07-31 14:03:47,ETHUSDT,bid,3310,4424.038
2024-07-31 14:03:47,ETHUSDT,bid,3300,3043.66
2024-07-31 14:03:47,ETHUSDT,bid,3310,4318.11
2024-07-31 14:03:48,ETHUSDT,bid,3300,3043.434
2024-07-31 14:03:48,ETHUSDT,bid,3300,3043.207
2024-07-31 14:03:48,ETHUSDT,bid,3310,4318.117
2024-07-31 14:03:49,ETHUSDT,bid,3310,4323.117
2024-07-31 14:03:50,ETHUSDT,bid,3300,3043.214
2024-07-31 14:03:50,ETHUSDT,bid,3300,3444.742
2024-07-31 14:03:50,ETHUSDT,bid,3310,4308.117
2024-07-31 14:03:51,ETHUSDT,bid,3310,6433.003
2024-07-31 14:03:51,ETHUSDT,bid,3310,6955.794
2024-07-31 14:03:53,ETHUSDT,bid,3310,6955.854
2024-07-31 14:03:56,ETHUSDT,bid,3300,3779.565
2024-07-31 14:04:00,ETHUSDT,bid,3300,4016.599
2024-07-31 14:04:01,ETHUSDT,bid,3310,7103.94
2024-07-31 14:04:05,ETHUSDT,bid,3310,7255.89
2024-07-31 14:04:06,ETHUSDT,bid,3300,4168.076
2024-07-31 14:04:11,ETHUSDT,bid,3310,7256.493
2024-07-31 14:04:26,ETHUSDT,bid,3200,3731.431
2024-07-31 14:04:33,ETHUSDT,bid,3310,7383.228
2024-07-31 14:04:47,ETHUSDT,bid,3310,7256.493
2024-07-31 14:05:10,ETHUSDT,bid,3310,7256.493
2024-07-31 14:05:14,ETHUSDT,bid,3300,4283.925
2024-07-31 14:05:17,ETHUSDT,bid,3310,7282.493
2024-07-31 14:05:18,ETHUSDT,bid,3310,7256.493
2024-07-31 14:05:22,ETHUSDT,bid,3300,4283.918
2024-07-31 14:05:23,ETHUSDT,bid,3310,7925.035
2024-07-31 14:05:24,ETHUSDT,bid,3310,7925.046
2024-07-31 14:05:31,ETHUSDT,bid,3300,4283.939
2024-07-31 14:05:33,ETHUSDT,bid,3310,6139.175
2024-07-31 14:05:33,ETHUSDT,bid,3310,5696.083
2024-07-31 14:05:34,ETHUSDT,bid,3310,3381.912
2024-07-31 14:05:35,ETHUSDT,bid,3310,3382.812
2024-07-31 14:05:37,ETHUSDT,bid,3300,4283.956
2024-07-31 14:05:37,ETHUSDT,bid,3310,3382.829
2024-07-31 14:05:37,ETHUSDT,bid,3310,3030.482
2024-07-31 14:05:43,ETHUSDT,bid,3300,4168.107
2024-07-31 14:05:44,ETHUSDT,bid,3300,4168.224
2024-07-31 14:05:45,ETHUSDT,bid,3310,3527.496
2024-07-31 14:05:48,ETHUSDT,bid,3310,3382.829
2024-07-31 14:06:05,ETHUSDT,bid,3300,4175.411
2024-07-31 14:06:05,ETHUSDT,bid,3310,3381.929
2024-07-31 14:06:08,ETHUSDT,bid,3200,3731.421
2024-07-31 14:06:08,ETHUSDT,bid,3220,3149.951
2024-07-31 14:06:08,ETHUSDT,bid,3220,3354.464
2024-07-31 14:06:21,ETHUSDT,bid,3300,4168.224
2024-07-31 14:06:35,ETHUSDT,bid,3310,3030.492
2024-07-31 14:06:38,ETHUSDT,bid,3310,3381.939
2024-07-31 14:06:38,ETHUSDT,bid,3310,3030.625
2024-07-31 14:06:45,ETHUSDT,bid,3310,3381.798
2024-07-31 14:07:02,ETHUSDT,bid,3220,3354.474
2024-07-31 14:07:25,ETHUSDT,ask,3330,3217.949
2024-07-31 14:07:27,ETHUSDT,ask,3330,4085.99
2024-07-31 14:07:28,ETHUSDT,ask,3330,4548.912
2024-07-31 14:07:31,ETHUSDT,ask,3330,4990.076
2024-07-31 14:07:37,ETHUSDT,ask,3330,4980.076
2024-07-31 14:07:40,ETHUSDT,ask,3330,5354.627
2024-07-31 14:07:56,ETHUSDT,ask,3330,3141.852
2024-07-31 14:08:08,ETHUSDT,ask,3330,5354.632
2024-07-31 14:08:10,ETHUSDT,ask,3330,3551.625
2024-07-31 14:08:12,ETHUSDT,ask,3330,5380.632
2024-07-31 14:08:13,ETHUSDT,ask,3330,5354.632
2024-07-31 14:08:24,ETHUSDT,ask,3330,5353.632
2024-07-31 14:08:24,ETHUSDT,ask,3330,3551.95
2024-07-31 14:08:26,ETHUSDT,ask,3330,3567.95
2024-07-31 14:08:26,ETHUSDT,ask,3330,3577.95
2024-07-31 14:08:35,ETHUSDT,ask,3330,3577.95
2024-07-31 14:08:36,ETHUSDT,ask,3330,5353.665
2024-07-31 14:08:36,ETHUSDT,bid,3220,3354.484
2024-07-31 14:08:37,ETHUSDT,ask,3330,3551.95
2024-07-31 14:08:37,ETHUSDT,ask,3340,3246.435
2024-07-31 14:08:40,ETHUSDT,ask,3330,3551.98
2024-07-31 14:08:41,ETHUSDT,bid,3220,3149.961
2024-07-31 14:09:04,ETHUSDT,bid,3220,3151.461
2024-07-31 14:09:07,ETHUSDT,bid,3200,3731.431
2024-07-31 14:09:11,ETHUSDT,bid,3220,3149.961
2024-07-31 14:09:14,ETHUSDT,bid,3220,3151.961
2024-07-31 14:09:46,ETHUSDT,bid,3310,3108.626
2024-07-31 14:09:47,ETHUSDT,bid,3310,3531.815
2024-07-31 14:09:47,ETHUSDT,bid,3310,4094.441
2024-07-31 14:09:49,ETHUSDT,bid,3310,4405.722
2024-07-31 14:09:54,ETHUSDT,bid,3310,4550.827
2024-07-31 14:09:56,ETHUSDT,bid,3310,3880.562
2024-07-31 14:09:56,ETHUSDT,bid,3310,4065.408
2024-07-31 14:09:57,ETHUSDT,bid,3310,4505.211
2024-07-31 14:09:57,ETHUSDT,bid,3310,3515.475
2024-07-31 14:09:57,ETHUSDT,bid,3310,3732.979
2024-07-31 14:09:58,ETHUSDT,bid,3310,4551.027
2024-07-31 14:09:58,ETHUSDT,bid,3310,3515.475
2024-07-31 14:10:01,ETHUSDT,bid,3310,3867.169
2024-07-31 14:10:06,ETHUSDT,bid,3310,4742.181
2024-07-31 14:10:09,ETHUSDT,bid,3310,4070.337
2024-07-31 14:10:12,ETHUSDT,bid,3310,3867.169
2024-07-31 14:10:14,ETHUSDT,bid,3310,4741.981
2024-07-31 14:10:18,ETHUSDT,bid,3310,4908.446
2024-07-31 14:10:20,ETHUSDT,bid,3310,4018.802
2024-07-31 14:10:20,ETHUSDT,bid,3310,4023.802
2024-07-31 14:10:21,ETHUSDT,bid,3310,4908.746
2024-07-31 14:10:21,ETHUSDT,bid,3310,3872.169
2024-07-31 14:10:22,ETHUSDT,bid,3310,4908.446
2024-07-31 14:10:23,ETHUSDT,bid,3310,4050.491
2024-07-31 14:10:25,ETHUSDT,bid,3310,4907.543
2024-07-31 14:10:35,ETHUSDT,bid,3310,5093.814
2024-07-31 14:10:35,ETHUSDT,bid,3310,4045.491
2024-07-31 14:10:37,ETHUSDT,bid,3310,4187.555
2024-07-31 14:10:38,ETHUSDT,bid,3310,4045.491
2024-07-31 14:10:40,ETHUSDT,bid,3310,4166.936
2024-07-31 14:10:44,ETHUSDT,bid,3310,6323.4
2024-07-31 14:10:44,ETHUSDT,bid,3310,3633.412
2024-07-31 14:10:44,ETHUSDT,bid,3310,4166.996
2024-07-31 14:10:44,ETHUSDT,bid,3310,4140.515
2024-07-31 14:10:44,ETHUSDT,bid,3310,4167.196
2024-07-31 14:10:44,ETHUSDT,bid,3310,6576.062
2024-07-31 14:10:45,ETHUSDT,bid,3310,4336.262
2024-07-31 14:10:45,ETHUSDT,bid,3310,6576.122
2024-07-31 14:10:48,ETHUSDT,bid,3300,3649.026
2024-07-31 14:10:48,ETHUSDT,bid,3300,4520.735
2024-07-31 14:10:48,ETHUSDT,bid,3310,6576.129
2024-07-31 14:10:49,ETHUSDT,bid,3310,8436.015
2024-07-31 14:10:49,ETHUSDT,bid,3310,10736.41
2024-07-31 14:10:49,ETHUSDT,bid,3310,10897.107
2024-07-31 14:10:51,ETHUSDT,bid,3300,3063.261
2024-07-31 14:10:51,ETHUSDT,bid,3300,4120.104
2024-07-31 14:10:51,ETHUSDT,bid,3300,4315.851
2024-07-31 14:10:52,ETHUSDT,bid,3310,6276.858
2024-07-31 14:10:52,ETHUSDT,bid,3310,5503.62
2024-07-31 14:10:52,ETHUSDT,bid,3310,10832.315
2024-07-31 14:10:52,ETHUSDT,bid,3310,11634.948
2024-07-31 14:10:53,ETHUSDT,bid,3300,3632.296
2024-07-31 14:10:54,ETHUSDT,bid,3300,3395.968
2024-07-31 14:10:54,ETHUSDT,bid,3300,4223.563
2024-07-31 14:10:54,ETHUSDT,bid,3300,4419.31
2024-07-31 14:11:05,ETHUSDT,bid,3300,4566.723
2024-07-31 14:11:08,ETHUSDT,bid,3300,4948.975
2024-07-31 14:11:13,ETHUSDT,bid,3310,9720.896
2024-07-31 14:11:13,ETHUSDT,bid,3310,8006.379
2024-07-31 14:11:13,ETHUSDT,bid,3310,3713.073
2024-07-31 14:11:14,ETHUSDT,bid,3310,10330.263
2024-07-31 14:11:14,ETHUSDT,bid,3310,11268.034
2024-07-31 14:11:14,ETHUSDT,bid,3310,11539.609
2024-07-31 14:11:15,ETHUSDT,bid,3300,5297.51
2024-07-31 14:11:30,ETHUSDT,bid,3300,5528.111
2024-07-31 14:11:33,ETHUSDT,bid,3300,5681.426
2024-07-31 14:11:35,ETHUSDT,bid,3310,11546.084
2024-07-31 14:11:38,ETHUSDT,bid,3310,11539.609
2024-07-31 14:11:48,ETHUSDT,bid,3310,11539.749
2024-07-31 14:11:52,ETHUSDT,bid,3310,11539.289
2024-07-31 14:12:18,ETHUSDT,bid,3300,5758.08
2024-07-31 14:12:52,ETHUSDT,bid,3310,11538.988
2024-07-31 14:12:59,ETHUSDT,bid,3300,5758.073
2024-07-31 14:13:13,ETHUSDT,bid,3300,5758.08
2024-07-31 14:13:14,ETHUSDT,bid,3220,3354.412
2024-07-31 14:13:26,ETHUSDT,bid,3300,5758.073
2024-07-31 14:13:28,ETHUSDT,bid,3300,5758.08
2024-07-31 14:13:34,ETHUSDT,bid,3300,5758.073
2024-07-31 14:13:45,ETHUSDT,bid,3300,5758.08
2024-07-31 14:13:45,ETHUSDT,bid,3300,5758.073
2024-07-31 14:13:52,ETHUSDT,bid,3300,5758.08
2024-07-31 14:13:52,ETHUSDT,bid,3300,5758.073
2024-07-31 14:13:55,ETHUSDT,bid,3300,5758.08
2024-07-31 14:14:05,ETHUSDT,bid,3300,5758.073
2024-07-31 14:14:14,ETHUSDT,bid,3300,5760.073
2024-07-31 14:14:15,ETHUSDT,bid,3300,5760.08
2024-07-31 14:14:25,ETHUSDT,bid,3310,6588.07
2024-07-31 14:14:27,ETHUSDT,bid,3310,3559.12
2024-07-31 18:58:22,ETHUSDT,bid,3220,3295.83
2024-07-31 18:59:13,ETHUSDT,bid,3200,3712.4
2024-07-31 19:00:05,ETHUSDT,bid,3220,3132.848
2024-07-31 19:00:05,ETHUSDT,bid,3220,3295.808
2024-07-31 19:01:26,ETHUSDT,bid,3220,3146.322
2024-07-31 19:02:11,ETHUSDT,bid,3220,3326.815
2024-07-31 19:02:36,ETHUSDT,bid,3220,3132.848
2024-07-31 19:04:44,ETHUSDT,bid,3220,3326.97
2024-07-31 19:06:16,ETHUSDT,bid,3220,3325.97
2024-07-31 19:09:46,ETHUSDT,bid,3220,3325.962
2024-07-31 19:10:05,ETHUSDT,bid,3220,3325.952
2024-07-31 19:10:11,ETHUSDT,bid,3220,3132.861
2024-07-31 19:10:12,ETHUSDT,bid,3220,3132.874
2024-07-31 19:10:22,ETHUSDT,bid,3220,3132.861
2024-07-31 19:10:23,ETHUSDT,bid,3220,3132.848
2024-07-31 19:14:11,ETHUSDT,bid,3220,3326.952
2024-07-31 19:16:49,ETHUSDT,bid,3220,3132.848
2024-07-31 19:16:50,ETHUSDT,bid,3220,3132.848
2024-07-31 19:17:11,ETHUSDT,bid,3220,3326.578
2024-07-31 19:20:57,ETHUSDT,bid,3200,3712.088
2024-07-31 19:21:53,ETHUSDT,bid,3220,3326.888
2024-07-31 19:23:58,ETHUSDT,bid,3220,3316.668
2024-07-31 19:24:19,ETHUSDT,bid,3220,3132.835
2024-07-31 19:28:57,ETHUSDT,bid,3200,3718.335
2024-07-31 19:30:36,ETHUSDT,bid,3200,3718.369
2024-07-31 19:34:30,ETHUSDT,bid,3220,3317.668
2024-07-31 19:34:44,ETHUSDT,bid,3200,3723.369
2024-07-31 19:45:05,ETHUSDT,bid,3320,3054.108
2024-07-31 19:45:05,ETHUSDT,bid,3320,3058.291
2024-07-31 19:45:05,ETHUSDT,bid,3320,3058.043
2024-07-31 19:45:05,ETHUSDT,bid,3320,3058.167
2024-07-31 19:45:05,ETHUSDT,bid,3320,3058.258
2024-07-31 19:45:06,ETHUSDT,bid,3320,3013.881
2024-07-31 19:45:06,ETHUSDT,bid,3320,3012.527
2024-07-31 19:45:06,ETHUSDT,bid,3320,3014.207
2024-07-31 19:45:06,ETHUSDT,bid,3320,3014.206
2024-07-31 19:45:06,ETHUSDT,bid,3320,3020.436
2024-07-31 19:45:06,ETHUSDT,bid,3320,3020.236
2024-07-31 19:45:06,ETHUSDT,bid,3320,3023.088
2024-07-31 19:45:06,ETHUSDT,bid,3320,3022.993
2024-07-31 19:46:26,ETHUSDT,bid,3220,3319.668
2024-07-31 19:46:29,ETHUSDT,bid,3220,3319.795
2024-07-31 19:46:39,ETHUSDT,bid,3200,3723.571
2024-07-31 19:48:00,ETHUSDT,bid,3220,3319.64
2024-07-31 19:48:41,ETHUSDT,bid,3220,3131.835
2024-07-31 19:49:09,ETHUSDT,bid,3220,3318.64
2024-07-31 19:49:51,ETHUSDT,bid,3220,3319.64
2024-07-31 19:51:29,ETHUSDT,bid,3220,3319.849
2024-07-31 19:52:50,ETHUSDT,bid,3200,3724.598
2024-07-31 19:54:17,ETHUSDT,bid,3220,3319.446
2024-07-31 19:58:03,ETHUSDT,bid,3220,3305.496
2024-07-31 20:00:19,ETHUSDT,bid,3200,3723.243
2024-07-31 22:04:15,ETHUSDT,bid,3200,5820.6
2024-07-31 22:04:23,ETHUSDT,bid,3200,5821.344
2024-07-31 22:04:41,ETHUSDT,bid,3200,5821.383
2024-07-31 22:04:43,ETHUSDT,bid,3200,5821.425
2024-07-31 22:05:23,ETHUSDT,bid,3220,3299.374
2024-07-31 22:05:28,ETHUSDT,bid,3220,3298.374
2024-07-31 22:05:33,ETHUSDT,bid,3200,5821.525
2024-07-31 22:05:34,ETHUSDT,bid,3200,5820.525
2024-07-31 22:05:49,ETHUSDT,bid,3200,5820.6
2024-07-31 22:05:56,ETHUSDT,bid,3200,5820.4
2024-07-31 22:06:01,ETHUSDT,bid,3200,5820.3
2024-07-31 22:06:28,ETHUSDT,bid,3200,5822.3
2024-07-31 22:06:31,ETHUSDT,bid,3200,5820.3
2024-07-31 22:06:48,ETHUSDT,bid,3200,5822.75
2024-07-31 22:06:49,ETHUSDT,bid,3200,5821.813
2024-07-31 22:07:45,ETHUSDT,bid,3200,5819.363
2024-07-31 22:08:06,ETHUSDT,bid,3200,5821.363
2024-07-31 22:08:31,ETHUSDT,bid,3200,5821.039
2024-07-31 22:08:38,ETHUSDT,bid,3200,5820.539
2024-07-31 22:08:43,ETHUSDT,bid,3200,5820.339
2024-07-31 22:08:56,ETHUSDT,bid,3200,5820.329
2024-07-31 22:08:58,ETHUSDT,bid,3200,3736.489
2024-07-31 22:10:06,ETHUSDT,bid,3200,5819.829
2024-07-31 22:10:28,ETHUSDT,bid,3200,5820.063
2024-07-31 22:10:59,ETHUSDT,bid,3200,5820.024
2024-07-31 22:11:05,ETHUSDT,bid,3200,5819.361
2024-07-31 22:11:10,ETHUSDT,bid,3200,5818.361
2024-07-31 22:11:44,ETHUSDT,bid,3200,5818.127
2024-07-31 22:12:01,ETHUSDT,bid,3200,5818.166
2024-07-31 22:12:24,ETHUSDT,bid,3200,5813.296
2024-07-31 22:12:30,ETHUSDT,bid,3200,5813.402
2024-07-31 22:12:37,ETHUSDT,bid,3200,5813.443
2024-07-31 22:12:43,ETHUSDT,bid,3200,5813.215
2024-07-31 22:12:47,ETHUSDT,bid,3200,5813.109
2024-07-31 22:12:48,ETHUSDT,bid,3200,5818.109
2024-07-31 22:13:10,ETHUSDT,bid,3200,5819.109
2024-07-31 22:13:20,ETHUSDT,bid,3200,5823.109
2024-07-31 22:13:46,ETHUSDT,bid,3200,5823.059
2024-07-31 22:13:48,ETHUSDT,bid,3200,5819.256
2024-07-31 22:14:01,ETHUSDT,bid,3200,5819.163
2024-07-31 22:14:25,ETHUSDT,bid,3200,5819.204
2024-07-31 22:14:25,ETHUSDT,bid,3220,3298.415
2024-07-31 22:14:33,ETHUSDT,bid,3200,5829.204
2024-07-31 22:14:50,ETHUSDT,bid,3200,5829.304
2024-07-31 22:15:14,ETHUSDT,bid,3220,3298.43
2024-07-31 22:15:37,ETHUSDT,bid,3200,5829.297
2024-07-31 22:16:06,ETHUSDT,bid,3200,5830.245
2024-07-31 22:16:18,ETHUSDT,bid,3200,5830.206
2024-07-31 22:16:29,ETHUSDT,bid,3200,5829.258
2024-07-31 22:16:54,ETHUSDT,bid,3200,5829.458
2024-07-31 22:16:58,ETHUSDT,bid,3200,5830.458
2024-07-31 22:17:33,ETHUSDT,bid,3200,5830.465
2024-07-31 22:17:39,ETHUSDT,bid,3220,3130.312
2024-07-31 22:18:08,ETHUSDT,bid,3200,5830.365
2024-07-31 22:18:18,ETHUSDT,bid,3200,5830.565
2024-07-31 22:18:22,ETHUSDT,bid,3200,5830.628
2024-07-31 22:18:28,ETHUSDT,bid,3200,5830.554
2024-07-31 22:18:34,ETHUSDT,bid,3200,5830.547
2024-07-31 22:18:38,ETHUSDT,bid,3200,5827.599
2024-07-31 22:19:07,ETHUSDT,bid,3200,5827.399
2024-07-31 22:19:11,ETHUSDT,bid,3200,5827.472
2024-07-31 22:19:13,ETHUSDT,bid,3200,5829.383
2024-07-31 22:20:02,ETHUSDT,bid,3200,5830.115
2024-07-31 22:20:10,ETHUSDT,bid,3220,3297.286
2024-07-31 22:20:18,ETHUSDT,bid,3200,5826.99
2024-07-31 22:20:58,ETHUSDT,bid,3200,5821.99
2024-07-31 22:22:19,ETHUSDT,bid,3220,3297.479
2024-07-31 22:23:08,ETHUSDT,bid,3200,5821.79
2024-07-31 22:23:08,ETHUSDT,bid,3220,3297.658
2024-07-31 22:23:34,ETHUSDT,bid,3200,5821.816
2024-07-31 22:24:19,ETHUSDT,bid,3200,3736.021
2024-07-31 22:24:48,ETHUSDT,bid,3220,3136.596
2024-07-31 22:25:05,ETHUSDT,bid,3200,5821.316
2024-07-31 22:27:10,ETHUSDT,bid,3220,3297.968
2024-07-31 22:28:14,ETHUSDT,bid,3220,3298.368
2024-07-31 22:28:27,ETHUSDT,bid,3200,5820.983
2024-07-31 22:29:18,ETHUSDT,bid,3200,5820.483
2024-07-31 22:29:41,ETHUSDT,bid,3220,3298.383
2024-07-31 22:29:48,ETHUSDT,bid,3200,5820.745
2024-07-31 22:30:57,ETHUSDT,bid,3220,3299.583
2024-07-31 22:31:12,ETHUSDT,bid,3200,3736.117
2024-07-31 22:31:13,ETHUSDT,bid,3200,5822.745
2024-07-31 22:31:20,ETHUSDT,bid,3220,3309.583
2024-07-31 22:31:32,ETHUSDT,bid,3220,3310.035
2024-07-31 22:31:44,ETHUSDT,bid,3200,5822.737
2024-07-31 22:32:11,ETHUSDT,bid,2350,4254.327
2024-07-31 22:32:11,ETHUSDT,bid,2450,4084.367
2024-07-31 22:32:11,ETHUSDT,bid,3200,3734.975
2024-07-31 22:32:28,ETHUSDT,bid,3200,5822.792
2024-07-31 22:32:35,ETHUSDT,bid,3200,5822.892
2024-07-31 22:32:51,ETHUSDT,bid,3200,5822.913
2024-07-31 22:32:52,ETHUSDT,bid,3220,3318.98
2024-07-31 22:32:56,ETHUSDT,bid,3200,5823.009
2024-07-31 22:32:59,ETHUSDT,bid,3200,5823.008
2024-07-31 22:33:03,ETHUSDT,bid,3200,5823.427
2024-07-31 22:33:12,ETHUSDT,bid,3200,5823.438
2024-07-31 22:33:25,ETHUSDT,bid,2350,4255.469
2024-07-31 22:33:25,ETHUSDT,bid,2450,4085.509
2024-07-31 22:33:25,ETHUSDT,bid,3200,3736.117
2024-07-31 22:33:38,ETHUSDT,bid,3200,5823.427
2024-07-31 22:33:39,ETHUSDT,bid,3200,3736.741
2024-07-31 22:33:45,ETHUSDT,bid,3200,5823.54
2024-07-31 22:33:50,ETHUSDT,bid,3200,5813.54
2024-07-31 22:34:03,ETHUSDT,bid,3200,5813.381
2024-07-31 22:34:06,ETHUSDT,bid,3200,5812.774
2024-07-31 22:34:14,ETHUSDT,bid,3200,3736.117
2024-07-31 22:34:20,ETHUSDT,bid,3200,5812.836
2024-07-31 22:35:11,ETHUSDT,bid,3200,5812.849
2024-07-31 22:35:34,ETHUSDT,bid,3220,3317.43
2024-07-31 22:35:42,ETHUSDT,bid,3200,5812.85
2024-07-31 22:35:49,ETHUSDT,bid,3200,5813.18
2024-07-31 22:35:49,ETHUSDT,bid,3200,5816.683
2024-07-31 22:35:55,ETHUSDT,bid,3200,5816.995
2024-07-31 22:35:56,ETHUSDT,bid,3200,5816.899
2024-07-31 22:36:01,ETHUSDT,bid,3220,3317.431
2024-07-31 22:36:05,ETHUSDT,bid,3200,5816.649
2024-07-31 22:36:34,ETHUSDT,bid,3200,5816.549
2024-07-31 22:36:38,ETHUSDT,bid,3220,3317.618
2024-07-31 22:36:51,ETHUSDT,bid,3200,5817.174
2024-07-31 22:37:53,ETHUSDT,bid,3200,5817.642
2024-07-31 22:38:03,ETHUSDT,bid,3200,5818.058
2024-07-31 22:38:08,ETHUSDT,bid,3200,5818.658
2024-07-31 22:39:08,ETHUSDT,bid,3200,5817.827
2024-07-31 22:39:20,ETHUSDT,bid,3200,5818.178
2024-07-31 22:39:28,ETHUSDT,bid,3200,5818.35
2024-07-31 22:40:06,ETHUSDT,bid,3200,5818.377
2024-07-31 22:40:18,ETHUSDT,bid,3200,3736.323
2024-07-31 22:40:34,ETHUSDT,bid,3200,5819.115
2024-07-31 22:40:42,ETHUSDT,bid,3200,5819.405
2024-07-31 22:41:27,ETHUSDT,bid,3200,5819.422
2024-07-31 22:42:27,ETHUSDT,bid,3200,5819.484
2024-07-31 22:42:44,ETHUSDT,bid,3200,5819.133
2024-07-31 22:44:05,ETHUSDT,bid,3200,5819.179
2024-07-31 22:44:44,ETHUSDT,bid,3200,5817.268
2024-07-31 22:44:52,ETHUSDT,bid,3200,5817.278
2024-07-31 22:44:55,ETHUSDT,bid,3200,5819.278
2024-07-31 22:45:01,ETHUSDT,bid,3200,5819.271
2024-07-31 22:45:28,ETHUSDT,bid,3200,5819.262
2024-07-31 22:45:50,ETHUSDT,bid,3200,5820.824
2024-07-31 22:45:58,ETHUSDT,bid,3200,5820.744
2024-07-31 22:46:11,ETHUSDT,bid,3200,5820.514
2024-07-31 22:46:37,ETHUSDT,bid,3200,5820.544
2024-07-31 22:46:49,ETHUSDT,bid,3200,5824.45
2024-07-31 22:46:53,ETHUSDT,bid,3200,5824.525
2024-07-31 22:46:53,ETHUSDT,bid,3200,5824.45
2024-07-31 22:46:54,ETHUSDT,bid,3200,5824.49
2024-07-31 22:47:08,ETHUSDT,bid,3200,5826.687
2024-07-31 22:48:28,ETHUSDT,bid,3200,5827.73
2024-07-31 23:48:03,ETHUSDT,bid,3220,3326.267
2024-07-31 23:48:09,ETHUSDT,bid,3220,3140.682
2024-07-31 23:50:00,ETHUSDT,bid,3220,3138.763
2024-07-31 23:50:14,ETHUSDT,bid,3220,3321.772
2024-07-31 23:51:33,ETHUSDT,bid,3220,3321.716
2024-07-31 23:52:13,ETHUSDT,bid,3200,3753.891
2024-07-31 23:52:15,ETHUSDT,bid,3220,3321.329
2024-07-31 23:53:06,ETHUSDT,bid,3220,3325.049
2024-07-31 23:53:15,ETHUSDT,bid,3220,3327.049
2024-07-31 23:53:21,ETHUSDT,bid,3200,3754.547
2024-07-31 23:54:04,ETHUSDT,bid,3220,3325.049
2024-07-31 23:55:48,ETHUSDT,bid,3220,3325.059
2024-07-31 23:55:49,ETHUSDT,bid,3200,3764.945
2024-07-31 23:56:17,ETHUSDT,bid,3220,3328.059
2024-07-31 23:56:38,ETHUSDT,bid,3220,3323.059
2024-07-31 23:57:36,ETHUSDT,bid,3220,3138.813
2024-07-31 23:57:36,ETHUSDT,bid,3200,3764.289
2024-07-31 23:57:41,ETHUSDT,bid,3220,3323.164
2024-07-31 23:57:49,ETHUSDT,bid,3220,3329.358
2024-07-31 23:58:20,ETHUSDT,bid,3220,3323.164
