2024-08-06 23:30:32,BTCUSDT,ask,57000,763.101
2024-08-06 23:30:38,BTCUSDT,ask,56900,538.73
2024-08-06 23:30:41,BTCUSDT,ask,56900,538.728
2024-08-06 23:30:43,BTCUSDT,ask,56900,538.726
2024-08-06 23:30:57,BTCUSDT,ask,56900,538.97
2024-08-06 23:31:07,BTCUSDT,ask,57200,565.172
2024-08-06 23:31:09,BTCUSDT,ask,57200,565.162
2024-08-06 23:31:18,BTCUSDT,bid,47000,876.984
2024-08-06 23:31:19,BTCUSDT,ask,57000,762.887
2024-08-06 23:31:25,BTCUSDT,ask,57200,565.266
2024-08-06 23:31:32,BTCUSDT,ask,56800,536.323
2024-08-06 23:31:34,BTCUSDT,ask,56900,538.705
2024-08-06 23:31:39,BTCUSDT,ask,57000,762.646
2024-08-06 23:31:44,BTCUSDT,ask,57000,762.546
2024-08-06 23:31:48,BTCUSDT,ask,56800,536.31
2024-08-06 23:31:53,BTCUSDT,ask,56900,538.676
2024-08-06 23:31:59,BTCUSDT,ask,56800,536.279
2024-08-06 23:32:02,BTCUSDT,ask,57200,567.266
2024-08-06 23:32:04,BTCUSDT,ask,56900,539.542
2024-08-06 23:32:12,BTCUSDT,ask,57000,762.525
2024-08-06 23:32:17,BTCUSDT,ask,56800,536.347
2024-08-06 23:32:17,BTCUSDT,ask,57000,762.545
2024-08-06 23:32:28,BTCUSDT,ask,57000,762.531
2024-08-06 23:32:34,BTCUSDT,ask,57000,763.061
2024-08-06 23:32:40,BTCUSDT,ask,57200,567.251
2024-08-06 23:32:44,BTCUSDT,ask,56800,536.533
2024-08-06 23:32:45,BTCUSDT,ask,57200,567.242
2024-08-06 23:32:46,BTCUSDT,ask,57000,763.242
2024-08-06 23:32:46,BTCUSDT,ask,57000,763.178
2024-08-06 23:32:47,BTCUSDT,ask,57200,567.741
2024-08-06 23:32:47,BTCUSDT,ask,57000,763.203
2024-08-06 23:32:49,BTCUSDT,ask,57000,763.222
2024-08-06 23:32:55,BTCUSDT,ask,57200,567.843
2024-08-06 23:32:57,BTCUSDT,ask,56800,536.445
2024-08-06 23:32:59,BTCUSDT,ask,56800,536.085
2024-08-06 23:33:04,BTCUSDT,ask,57000,763.258
2024-08-06 23:33:04,BTCUSDT,ask,57000,763.846
2024-08-06 23:33:06,BTCUSDT,ask,57000,762.048
2024-08-06 23:33:08,BTCUSDT,ask,56900,538.48
2024-08-06 23:33:11,BTCUSDT,ask,57000,762.018
2024-08-06 23:33:15,BTCUSDT,ask,57000,762.219
2024-08-06 23:33:18,BTCUSDT,ask,57000,762.044
2024-08-06 23:33:19,BTCUSDT,ask,57000,762.094
2024-08-06 23:33:20,BTCUSDT,ask,56900,538.478
2024-08-06 23:33:31,BTCUSDT,ask,57200,568.03
2024-08-06 23:33:44,BTCUSDT,ask,57000,762.234
2024-08-06 23:33:44,BTCUSDT,ask,57000,761.646
2024-08-06 23:33:46,BTCUSDT,ask,56800,539.519
2024-08-06 23:33:48,BTCUSDT,ask,57000,761.664
2024-08-06 23:33:53,BTCUSDT,ask,56800,539.539
2024-08-06 23:33:53,BTCUSDT,ask,57200,568.055
2024-08-06 23:33:55,BTCUSDT,ask,56900,538.476
2024-08-06 23:33:56,BTCUSDT,ask,57000,761.654
2024-08-06 23:34:00,BTCUSDT,ask,57000,761.63
2024-08-06 23:34:01,BTCUSDT,ask,56800,539.522
2024-08-06 23:34:01,BTCUSDT,ask,57200,568.077
2024-08-06 23:34:05,BTCUSDT,ask,57200,569.029
2024-08-06 23:34:07,BTCUSDT,ask,57200,568.927
2024-08-06 23:34:10,BTCUSDT,ask,56800,539.519
2024-08-06 23:34:15,BTCUSDT,ask,57200,571.176
2024-08-06 23:34:18,BTCUSDT,ask,56900,538.759
2024-08-06 23:34:19,BTCUSDT,ask,57000,761.617
2024-08-06 23:34:20,BTCUSDT,ask,56900,538.935
2024-08-06 23:34:22,BTCUSDT,ask,56900,538.955
2024-08-06 23:34:24,BTCUSDT,ask,56800,539.509
2024-08-06 23:34:28,BTCUSDT,ask,56800,539.526
2024-08-06 23:34:28,BTCUSDT,ask,57200,571.549
2024-08-06 23:34:29,BTCUSDT,ask,57000,761.628
2024-08-06 23:34:31,BTCUSDT,ask,56800,536.092
2024-08-06 23:34:31,BTCUSDT,ask,56800,536.214
2024-08-06 23:34:36,BTCUSDT,ask,56900,538.962
2024-08-06 23:34:36,BTCUSDT,ask,57000,761.63
2024-08-06 23:34:37,BTCUSDT,ask,56800,536.453
2024-08-06 23:34:41,BTCUSDT,ask,57000,761.632
2024-08-06 23:34:41,BTCUSDT,ask,56800,536.417
2024-08-06 23:34:45,BTCUSDT,ask,57000,761.641
2024-08-06 23:34:45,BTCUSDT,ask,56800,536.43
2024-08-06 23:34:47,BTCUSDT,ask,57200,568.56
2024-08-06 23:34:48,BTCUSDT,ask,57200,568.562
2024-08-06 23:34:50,BTCUSDT,ask,56800,536.492
2024-08-06 23:34:51,BTCUSDT,ask,56800,536.527
2024-08-06 23:35:02,BTCUSDT,ask,57000,761.691
2024-08-06 23:35:05,BTCUSDT,ask,56900,538.953
2024-08-06 23:35:06,BTCUSDT,ask,56900,539.076
2024-08-06 23:35:08,BTCUSDT,ask,57000,761.999
2024-08-06 23:35:12,BTCUSDT,ask,57000,761.499
2024-08-06 23:35:13,BTCUSDT,ask,57000,761.495
2024-08-06 23:35:15,BTCUSDT,ask,56900,538.85
2024-08-06 23:35:18,BTCUSDT,ask,56800,535.99
2024-08-06 23:35:20,BTCUSDT,ask,57000,761.5
2024-08-06 23:35:23,BTCUSDT,ask,57000,761.494
2024-08-06 23:35:30,BTCUSDT,ask,57200,568.537
2024-08-06 23:35:33,BTCUSDT,ask,56800,536.122
2024-08-06 23:35:35,BTCUSDT,ask,56800,536.124
2024-08-06 23:35:36,BTCUSDT,ask,57000,761.495
2024-08-06 23:35:37,BTCUSDT,ask,56900,538.852
2024-08-06 23:35:38,BTCUSDT,ask,56800,535.975
2024-08-06 23:35:39,BTCUSDT,ask,56800,535.992
2024-08-06 23:35:43,BTCUSDT,ask,57000,761.5
2024-08-06 23:35:46,BTCUSDT,ask,56800,535.441
2024-08-06 23:35:48,BTCUSDT,ask,57000,761.483
2024-08-06 23:35:48,BTCUSDT,ask,57000,761.51
2024-08-06 23:35:53,BTCUSDT,ask,57000,761.519
2024-08-06 23:35:56,BTCUSDT,ask,56800,536.035
2024-08-06 23:35:57,BTCUSDT,ask,56900,538.858
2024-08-06 23:35:59,BTCUSDT,ask,57000,761.437
2024-08-06 23:36:00,BTCUSDT,ask,57000,761.41
2024-08-06 23:36:02,BTCUSDT,ask,56800,536.105
2024-08-06 23:36:12,BTCUSDT,ask,57200,568.624
2024-08-06 23:36:13,BTCUSDT,bid,47000,877.258
2024-08-06 23:36:17,BTCUSDT,ask,57000,761.388
2024-08-06 23:36:19,BTCUSDT,ask,56900,538.683
2024-08-06 23:36:19,BTCUSDT,ask,57000,761.39
2024-08-06 23:36:20,BTCUSDT,bid,47000,877.261
2024-08-06 23:36:21,BTCUSDT,ask,57000,761.417
2024-08-06 23:36:26,BTCUSDT,ask,56800,536.131
2024-08-06 23:36:28,BTCUSDT,ask,56800,536.129
2024-08-06 23:36:31,BTCUSDT,ask,57200,568.99
2024-08-06 23:36:37,BTCUSDT,ask,56900,537.666
2024-08-06 23:36:44,BTCUSDT,ask,57200,569.99
2024-08-06 23:36:45,BTCUSDT,ask,56900,537.64
2024-08-06 23:36:53,BTCUSDT,ask,57000,761.352
2024-08-06 23:36:55,BTCUSDT,ask,57000,761.327
2024-08-06 23:37:00,BTCUSDT,ask,57200,570.24
2024-08-06 23:37:43,BTCUSDT,ask,56900,537.466
2024-08-06 23:37:49,BTCUSDT,ask,57000,761.201
2024-08-06 23:37:56,BTCUSDT,ask,57000,761.288
2024-08-06 23:37:56,BTCUSDT,ask,57200,570.153
2024-08-06 23:37:57,BTCUSDT,ask,56900,537.546
2024-08-06 23:37:58,BTCUSDT,ask,57000,762.288
2024-08-06 23:37:58,BTCUSDT,ask,56800,536.385
2024-08-06 23:38:06,BTCUSDT,ask,56900,537.446
2024-08-06 23:38:18,BTCUSDT,ask,56800,536.377
2024-08-06 23:38:20,BTCUSDT,ask,57000,761.973
2024-08-06 23:38:32,BTCUSDT,ask,57200,569.903
2024-08-06 23:38:37,BTCUSDT,ask,57000,761.993
2024-08-06 23:38:41,BTCUSDT,ask,56900,537.546
2024-08-06 23:38:43,BTCUSDT,ask,56900,537.446
2024-08-06 23:38:49,BTCUSDT,ask,56900,537.451
2024-08-06 23:38:58,BTCUSDT,ask,57200,570.141
2024-08-06 23:39:03,BTCUSDT,ask,56900,536.825
2024-08-06 23:39:07,BTCUSDT,ask,56800,536.151
2024-08-06 23:39:07,BTCUSDT,ask,56900,536.808
2024-08-06 23:39:07,BTCUSDT,ask,57000,761.967
2024-08-06 23:39:07,BTCUSDT,ask,57200,570.129
2024-08-06 23:39:08,BTCUSDT,ask,57200,570.244
2024-08-06 23:39:12,BTCUSDT,ask,57200,570.331
2024-08-06 23:39:16,BTCUSDT,ask,56800,536.143
2024-08-06 23:39:16,BTCUSDT,ask,57000,761.962
2024-08-06 23:39:20,BTCUSDT,ask,56800,536.108
2024-08-06 23:39:20,BTCUSDT,ask,57000,761.893
2024-08-06 23:39:23,BTCUSDT,ask,56900,536.71
2024-08-06 23:39:26,BTCUSDT,ask,57000,758.559
2024-08-06 23:39:31,BTCUSDT,ask,56800,536.085
2024-08-06 23:39:35,BTCUSDT,ask,57200,566.022
2024-08-06 23:39:42,BTCUSDT,ask,57200,566.045
2024-08-06 23:39:46,BTCUSDT,ask,56800,536.333
2024-08-06 23:39:53,BTCUSDT,ask,57200,566.06
2024-08-06 23:39:55,BTCUSDT,ask,56800,536.335
2024-08-06 23:39:58,BTCUSDT,ask,56900,536.81
2024-08-06 23:40:03,BTCUSDT,ask,57000,759.234
2024-08-06 23:40:08,BTCUSDT,ask,57000,759.239
2024-08-06 23:40:11,BTCUSDT,ask,57000,758.985
2024-08-06 23:40:19,BTCUSDT,ask,56800,536.326
2024-08-06 23:40:21,BTCUSDT,ask,56900,536.822
2024-08-06 23:40:24,BTCUSDT,ask,57000,758.994
2024-08-06 23:40:26,BTCUSDT,ask,56800,536.346
2024-08-06 23:40:27,BTCUSDT,ask,57200,566.052
2024-08-06 23:40:30,BTCUSDT,ask,56900,536.824
2024-08-06 23:40:30,BTCUSDT,ask,57000,759.533
2024-08-06 23:40:30,BTCUSDT,ask,57200,566.095
2024-08-06 23:40:30,BTCUSDT,ask,56900,536.812
2024-08-06 23:40:31,BTCUSDT,ask,56800,536.548
2024-08-06 23:40:32,BTCUSDT,ask,56800,536.546
2024-08-06 23:40:32,BTCUSDT,ask,56900,536.872
2024-08-06 23:40:32,BTCUSDT,ask,57000,759.543
2024-08-06 23:40:35,BTCUSDT,ask,56800,536.493
2024-08-06 23:40:35,BTCUSDT,ask,56900,536.749
2024-08-06 23:40:36,BTCUSDT,ask,56900,536.747
2024-08-06 23:40:36,BTCUSDT,ask,57000,759.61
2024-08-06 23:40:49,BTCUSDT,ask,56800,536.516
2024-08-06 23:40:49,BTCUSDT,ask,57200,567.457
2024-08-06 23:40:51,BTCUSDT,ask,56800,536.592
2024-08-06 23:40:52,BTCUSDT,ask,57000,759.72
2024-08-06 23:40:57,BTCUSDT,ask,57000,759.73
2024-08-06 23:41:04,BTCUSDT,ask,56800,536.519
2024-08-06 23:41:08,BTCUSDT,ask,56800,537.519
2024-08-06 23:41:16,BTCUSDT,ask,57200,567.48
2024-08-06 23:41:17,BTCUSDT,ask,57000,757.914
2024-08-06 23:41:22,BTCUSDT,ask,57000,757.941
2024-08-06 23:41:22,BTCUSDT,ask,57200,567.419
2024-08-06 23:41:23,BTCUSDT,ask,56800,546.501
2024-08-06 23:41:26,BTCUSDT,ask,57000,758.258
2024-08-06 23:41:27,BTCUSDT,ask,57000,758.278
2024-08-06 23:41:29,BTCUSDT,ask,56900,536.897
2024-08-06 23:41:32,BTCUSDT,ask,56800,537.457
2024-08-06 23:41:34,BTCUSDT,ask,56900,537.828
2024-08-06 23:41:35,BTCUSDT,ask,56900,537.728
2024-08-06 23:41:41,BTCUSDT,ask,56800,536.459
2024-08-06 23:41:42,BTCUSDT,ask,57000,758.597
2024-08-06 23:41:43,BTCUSDT,ask,57000,758.947
2024-08-06 23:41:45,BTCUSDT,ask,56900,537.69
2024-08-06 23:41:45,BTCUSDT,ask,57200,567.412
2024-08-06 23:41:46,BTCUSDT,ask,57000,758.985
2024-08-06 23:41:49,BTCUSDT,ask,56800,536.459
2024-08-06 23:41:54,BTCUSDT,ask,56900,537.7
2024-08-06 23:41:58,BTCUSDT,ask,56800,534.732
2024-08-06 23:41:58,BTCUSDT,ask,56800,536.128
2024-08-06 23:41:59,BTCUSDT,ask,57000,759.014
2024-08-06 23:42:00,BTCUSDT,ask,57000,759.025
2024-08-06 23:42:04,BTCUSDT,ask,57200,567.612
2024-08-06 23:42:10,BTCUSDT,ask,57000,757.445
2024-08-06 23:42:10,BTCUSDT,ask,56800,537.128
2024-08-06 23:42:18,BTCUSDT,ask,57000,757.41
2024-08-06 23:42:21,BTCUSDT,ask,57200,568.021
2024-08-06 23:42:22,BTCUSDT,ask,56800,537.292
2024-08-06 23:42:24,BTCUSDT,ask,57200,568.029
2024-08-06 23:42:31,BTCUSDT,ask,57000,767.074
2024-08-06 23:42:34,BTCUSDT,ask,56800,537.432
2024-08-06 23:42:35,BTCUSDT,ask,57000,767.274
2024-08-06 23:42:39,BTCUSDT,ask,57000,765.782
2024-08-06 23:42:43,BTCUSDT,ask,56900,537.766
2024-08-06 23:42:44,BTCUSDT,ask,57200,568.154
2024-08-06 23:42:46,BTCUSDT,ask,57200,567.63
2024-08-06 23:42:49,BTCUSDT,ask,57200,567.64
2024-08-06 23:42:53,BTCUSDT,ask,57200,567.616
2024-08-06 23:42:53,BTCUSDT,ask,57000,767.53
2024-08-06 23:42:57,BTCUSDT,ask,57100,546.925
2024-08-06 23:42:58,BTCUSDT,ask,57000,758.759
2024-08-06 23:42:58,BTCUSDT,ask,57000,758.908
2024-08-06 23:42:59,BTCUSDT,ask,57100,546.929
2024-08-06 23:42:59,BTCUSDT,ask,57000,757.908
2024-08-06 23:42:59,BTCUSDT,ask,56800,537.474
2024-08-06 23:43:00,BTCUSDT,ask,57000,757.985
2024-08-06 23:43:02,BTCUSDT,ask,57000,757.979
2024-08-06 23:43:05,BTCUSDT,ask,57000,759.221
2024-08-06 23:43:09,BTCUSDT,ask,56800,537.472
2024-08-06 23:43:11,BTCUSDT,ask,57000,759.229
2024-08-06 23:43:13,BTCUSDT,ask,56900,537.771
2024-08-06 23:43:14,BTCUSDT,ask,57000,759.452
2024-08-06 23:43:15,BTCUSDT,ask,57000,759.482
2024-08-06 23:43:17,BTCUSDT,ask,56900,537.778
2024-08-06 23:43:25,BTCUSDT,ask,57200,557.616
2024-08-06 23:43:27,BTCUSDT,ask,57000,758.26
2024-08-06 23:43:27,BTCUSDT,ask,57200,557.624
2024-08-06 23:43:28,BTCUSDT,ask,56800,537.322
2024-08-06 23:43:30,BTCUSDT,ask,56900,537.749
2024-08-06 23:43:31,BTCUSDT,ask,57000,757.76
2024-08-06 23:43:33,BTCUSDT,ask,57000,758.754
2024-08-06 23:43:40,BTCUSDT,ask,57200,557.852
2024-08-06 23:43:43,BTCUSDT,ask,56800,537.322
2024-08-06 23:43:43,BTCUSDT,ask,56800,537.272
2024-08-06 23:43:47,BTCUSDT,ask,57200,557.869
2024-08-06 23:43:50,BTCUSDT,ask,57000,758.679
2024-08-06 23:43:53,BTCUSDT,ask,57000,758.697
2024-08-06 23:43:55,BTCUSDT,ask,57000,759.224
2024-08-06 23:43:56,BTCUSDT,ask,56900,537.694
2024-08-06 23:43:59,BTCUSDT,ask,56800,537.272
2024-08-06 23:44:01,BTCUSDT,ask,56800,537.274
2024-08-06 23:44:03,BTCUSDT,ask,57000,760.039
2024-08-06 23:44:04,BTCUSDT,ask,56900,537.674
2024-08-06 23:44:06,BTCUSDT,ask,57000,760.055
2024-08-06 23:44:06,BTCUSDT,ask,57200,557.847
2024-08-06 23:44:08,BTCUSDT,ask,57200,557.347
2024-08-06 23:44:09,BTCUSDT,ask,56900,538.4
2024-08-06 23:44:14,BTCUSDT,ask,57000,760.105
2024-08-06 23:44:14,BTCUSDT,ask,57200,581.347
2024-08-06 23:44:15,BTCUSDT,ask,57200,581.381
2024-08-06 23:44:17,BTCUSDT,ask,57200,581.396
2024-08-06 23:44:18,BTCUSDT,ask,57200,581.398
2024-08-06 23:44:20,BTCUSDT,ask,56800,537.77
2024-08-06 23:44:26,BTCUSDT,ask,56800,536.893
2024-08-06 23:44:31,BTCUSDT,ask,56800,536.717
2024-08-06 23:44:32,BTCUSDT,ask,57000,759.742
2024-08-06 23:44:34,BTCUSDT,ask,56900,538.39
2024-08-06 23:44:35,BTCUSDT,ask,56900,537.664
