2024-08-01 00:09:12,BTCUSDT,bid,65000,2639.392
2024-08-01 00:12:43,BTCUSDT,bid,65000,1496.463
2024-08-01 00:14:24,BTCUSDT,ask,72100,426.286
2024-08-01 00:14:56,BTCUSDT,bid,65000,1496.746
2024-08-01 00:34:34,BTCUSDT,ask,72100,426.811
2024-08-01 00:34:59,BTCUSDT,ask,67800,1092.437
2024-08-01 00:35:15,BTCUSDT,bid,65100,1494.187
2024-08-01 00:35:19,BTCUSDT,bid,65100,573.85
2024-08-01 00:35:25,BTCUSDT,ask,67800,1092.196
2024-08-01 00:37:25,BTCUSDT,ask,72100,426.811
2024-08-01 00:48:11,BTCUSDT,ask,72100,426.831
2024-08-01 01:10:41,BTCUSDT,bid,64800,566.995
2024-08-01 01:11:11,BTCUSDT,bid,64800,566.999
2024-08-01 01:12:00,BTCUSDT,bid,64800,566.97
2024-08-01 01:12:05,BTCUSDT,bid,64800,567.079
2024-08-01 01:12:16,BTCUSDT,bid,64800,567.138
2024-08-01 01:12:30,BTCUSDT,bid,64800,567.195
2024-08-01 01:12:56,BTCUSDT,bid,64800,567.213
2024-08-01 01:12:56,BTCUSDT,bid,64800,568.723
2024-08-01 01:13:01,BTCUSDT,bid,64800,568.705
2024-08-01 01:14:29,BTCUSDT,bid,64800,568.671
2024-08-01 01:14:31,BTCUSDT,bid,64800,568.683
2024-08-01 01:14:54,BTCUSDT,bid,64800,568.76
2024-08-01 01:15:04,BTCUSDT,bid,64800,568.743
2024-08-01 01:15:43,BTCUSDT,bid,64800,568.54
2024-08-01 01:16:36,BTCUSDT,bid,64800,568.513
2024-08-01 01:16:50,BTCUSDT,bid,64800,568.413
2024-08-01 01:17:05,BTCUSDT,bid,64800,568.336
2024-08-01 01:17:06,BTCUSDT,bid,64800,568.227
2024-08-01 01:17:24,BTCUSDT,bid,64800,568.417
2024-08-01 01:17:44,BTCUSDT,bid,64800,568.447
2024-08-01 01:17:45,BTCUSDT,bid,64800,568.586
2024-08-01 01:17:53,BTCUSDT,bid,64800,568.409
2024-08-01 01:18:03,BTCUSDT,bid,64800,568.486
2024-08-01 01:18:12,BTCUSDT,bid,64800,568.476
2024-08-01 01:18:16,BTCUSDT,bid,64800,566.966
2024-08-01 01:18:20,BTCUSDT,bid,64800,566.946
2024-08-01 01:18:50,BTCUSDT,ask,72100,426.659
2024-08-01 01:19:02,BTCUSDT,bid,64800,566.939
2024-08-01 01:19:02,BTCUSDT,bid,64800,567.016
2024-08-01 01:19:55,BTCUSDT,bid,64800,566.978
2024-08-01 01:20:35,BTCUSDT,bid,64800,567.459
2024-08-01 01:20:53,BTCUSDT,bid,64800,567.457
2024-08-01 01:22:29,BTCUSDT,bid,64800,567.443
2024-08-01 01:22:55,BTCUSDT,bid,64800,567.603
2024-08-01 01:23:12,BTCUSDT,bid,64800,567.563
2024-08-01 01:23:21,BTCUSDT,bid,64800,567.567
2024-08-01 01:23:35,BTCUSDT,bid,64800,567.597
2024-08-01 01:23:58,BTCUSDT,bid,64800,567.599
2024-08-01 01:24:06,BTCUSDT,bid,64800,567.614
2024-08-01 01:24:25,BTCUSDT,bid,64800,567.583
2024-08-01 01:25:07,BTCUSDT,bid,64800,567.586
2024-08-01 01:25:09,BTCUSDT,bid,64800,567.596
2024-08-01 01:25:14,BTCUSDT,bid,64800,567.726
2024-08-01 01:26:17,BTCUSDT,bid,64800,617.726
2024-08-01 01:26:20,BTCUSDT,bid,64800,617.826
2024-08-01 01:26:50,BTCUSDT,bid,64800,617.888
2024-08-01 01:27:00,BTCUSDT,bid,64800,617.749
2024-08-01 01:27:02,BTCUSDT,bid,64800,567.749
2024-08-01 01:27:05,BTCUSDT,bid,66000,468.169
2024-08-01 01:27:07,BTCUSDT,bid,66000,468.164
2024-08-01 01:27:08,BTCUSDT,bid,66000,468.314
2024-08-01 01:27:33,BTCUSDT,bid,64800,567.746
2024-08-01 01:27:33,BTCUSDT,bid,64800,567.645
2024-08-01 01:28:23,BTCUSDT,ask,72100,426.654
2024-08-01 01:29:00,BTCUSDT,bid,64800,567.737
2024-08-01 01:29:27,BTCUSDT,bid,64800,567.851
2024-08-01 01:32:25,BTCUSDT,bid,64800,567.866
2024-08-01 01:32:27,BTCUSDT,bid,64800,567.385
2024-08-01 01:32:39,BTCUSDT,bid,64800,567.373
2024-08-01 01:32:39,BTCUSDT,bid,64800,567.273
2024-08-01 01:32:43,BTCUSDT,bid,64800,567.265
2024-08-01 01:32:47,BTCUSDT,bid,64800,567.105
2024-08-01 01:35:24,BTCUSDT,bid,64800,567.113
2024-08-01 01:37:22,BTCUSDT,bid,64800,567.121
2024-08-01 01:37:51,BTCUSDT,bid,64800,567.146
2024-08-01 01:38:14,BTCUSDT,bid,64800,567.522
2024-08-01 01:38:26,BTCUSDT,bid,64800,567.146
2024-08-01 01:38:30,BTCUSDT,bid,64800,567.154
2024-08-01 01:40:07,BTCUSDT,bid,64800,567.146
2024-08-01 01:40:26,BTCUSDT,bid,64800,567.327
2024-08-01 01:40:44,BTCUSDT,bid,64800,566.235
2024-08-01 01:40:48,BTCUSDT,bid,64800,566.255
2024-08-01 01:43:46,BTCUSDT,bid,64800,566.105
2024-08-01 01:44:07,BTCUSDT,bid,64800,566.083
2024-08-01 01:44:50,BTCUSDT,bid,64800,566.159
2024-08-01 01:49:03,BTCUSDT,bid,64800,566.144
2024-08-01 01:50:59,BTCUSDT,bid,64800,566.141
2024-08-01 01:52:31,BTCUSDT,bid,64800,566.133
2024-08-01 01:52:42,BTCUSDT,bid,64800,566.792
2024-08-01 01:52:44,BTCUSDT,bid,64800,566.79
2024-08-01 01:53:42,BTCUSDT,bid,64800,566.131
2024-08-01 01:53:44,BTCUSDT,bid,64800,566.141
2024-08-01 01:53:46,BTCUSDT,bid,64800,566.027
2024-08-01 01:54:10,BTCUSDT,bid,64800,566.044
2024-08-01 01:54:14,BTCUSDT,bid,64800,566.034
2024-08-01 01:54:55,BTCUSDT,bid,64800,566.03
2024-08-01 01:58:46,BTCUSDT,bid,64800,566.033
2024-08-01 02:01:43,BTCUSDT,bid,64800,566.035
2024-08-01 02:02:12,BTCUSDT,bid,64800,566.026
2024-08-01 02:02:16,BTCUSDT,bid,64800,566.036
2024-08-01 02:03:37,BTCUSDT,bid,64800,566.066
2024-08-01 02:03:39,BTCUSDT,bid,64800,566.056
2024-08-01 02:04:09,BTCUSDT,bid,64800,566.069
2024-08-01 02:04:48,BTCUSDT,bid,64800,566.021
2024-08-01 02:05:01,BTCUSDT,bid,64800,566.041
2024-08-01 02:05:38,BTCUSDT,bid,64800,566.039
2024-08-01 02:06:28,BTCUSDT,bid,64800,576.039
2024-08-01 02:07:09,BTCUSDT,bid,64800,576.132
2024-08-01 02:08:58,BTCUSDT,bid,64800,575.882
2024-08-01 02:09:12,BTCUSDT,bid,64800,573.382
2024-08-01 02:09:58,BTCUSDT,bid,64800,573.379
2024-08-01 02:10:05,BTCUSDT,bid,64800,572.379
2024-08-01 02:10:24,BTCUSDT,bid,64800,572.579
2024-08-01 02:11:12,BTCUSDT,bid,64800,572.772
2024-08-01 02:11:47,BTCUSDT,bid,64800,572.896
2024-08-01 02:11:53,BTCUSDT,bid,64800,572.899
2024-08-01 02:12:00,BTCUSDT,bid,64800,572.903
2024-08-01 02:12:08,BTCUSDT,bid,64800,572.703
2024-08-01 02:12:22,BTCUSDT,bid,64800,572.468
2024-08-01 02:13:47,BTCUSDT,bid,64800,572.622
2024-08-01 02:13:59,BTCUSDT,bid,64800,562.622
2024-08-01 02:15:41,BTCUSDT,bid,64800,562.66
2024-08-01 02:15:58,BTCUSDT,bid,64800,562.685
2024-08-01 02:18:11,BTCUSDT,bid,64800,562.74
2024-08-01 02:19:26,BTCUSDT,bid,64800,562.73
2024-08-01 02:19:29,BTCUSDT,bid,64800,562.74
2024-08-01 02:19:49,BTCUSDT,bid,64800,562.76
2024-08-01 02:19:55,BTCUSDT,bid,64800,562.75
2024-08-01 02:20:00,BTCUSDT,bid,64800,562.76
2024-08-01 02:20:40,BTCUSDT,bid,64800,562.79
2024-08-01 02:21:22,BTCUSDT,bid,64800,562.816
2024-08-01 02:21:34,BTCUSDT,bid,64800,563.316
2024-08-01 02:21:45,BTCUSDT,bid,64800,563.323
2024-08-01 02:21:50,BTCUSDT,bid,64800,563.341
2024-08-01 02:22:34,BTCUSDT,bid,64800,563.353
2024-08-01 02:22:45,BTCUSDT,bid,64800,563.603
2024-08-01 02:22:47,BTCUSDT,bid,64800,563.853
2024-08-01 02:22:49,BTCUSDT,bid,64800,564.052
2024-08-01 02:22:54,BTCUSDT,bid,64800,563.802
2024-08-01 02:23:49,BTCUSDT,bid,64800,582.075
2024-08-01 02:23:50,BTCUSDT,bid,64800,582.058
2024-08-01 02:24:08,BTCUSDT,bid,64800,563.785
2024-08-01 02:24:17,BTCUSDT,bid,64800,563.793
2024-08-01 02:24:44,BTCUSDT,bid,64800,563.783
2024-08-01 02:24:48,BTCUSDT,bid,64800,563.792
2024-08-01 02:25:11,BTCUSDT,bid,64800,563.889
2024-08-01 02:25:30,BTCUSDT,bid,64800,563.389
2024-08-01 02:25:32,BTCUSDT,bid,64800,563.396
2024-08-01 02:26:01,BTCUSDT,bid,64800,563.434
2024-08-01 02:26:03,BTCUSDT,bid,64800,566.434
2024-08-01 02:26:06,BTCUSDT,bid,64800,566.384
2024-08-01 02:26:14,BTCUSDT,bid,64800,566.376
2024-08-01 02:26:21,BTCUSDT,bid,64800,566.338
2024-08-01 02:26:23,BTCUSDT,bid,64800,566.139
2024-08-01 02:26:26,BTCUSDT,bid,64800,565.889
2024-08-01 02:26:31,BTCUSDT,bid,64800,566.13
2024-08-01 02:26:33,BTCUSDT,bid,64800,566.092
2024-08-01 02:26:39,BTCUSDT,bid,64800,566.274
2024-08-01 02:26:45,BTCUSDT,bid,64800,566.466
2024-08-01 02:26:49,BTCUSDT,bid,64800,566.284
2024-08-01 02:26:50,BTCUSDT,bid,64800,566.269
2024-08-01 02:26:55,BTCUSDT,bid,64800,566.275
2024-08-01 02:26:59,BTCUSDT,bid,64800,566.272
2024-08-01 02:31:30,BTCUSDT,bid,63600,1034.587
2024-08-01 02:31:38,BTCUSDT,bid,63600,1034.584
2024-08-01 02:31:39,BTCUSDT,bid,63600,1034.581
2024-08-01 09:08:52,BTCUSDT,bid,63500,659.239
2024-08-01 09:08:52,BTCUSDT,bid,63500,659.245
2024-08-01 09:08:52,BTCUSDT,bid,63800,648.144
2024-08-01 09:08:52,BTCUSDT,bid,63600,641.963
2024-08-01 09:08:53,BTCUSDT,bid,63600,642.009
2024-08-01 09:08:55,BTCUSDT,bid,63500,659.242
2024-08-01 09:08:55,BTCUSDT,bid,63800,648.153
2024-08-01 09:08:56,BTCUSDT,bid,63800,648.143
2024-08-01 09:08:57,BTCUSDT,bid,63700,566.024
2024-08-01 09:08:57,BTCUSDT,bid,63600,641.962
2024-08-01 09:08:57,BTCUSDT,bid,63800,651.143
2024-08-01 09:08:57,BTCUSDT,bid,63800,651.134
2024-08-01 09:08:58,BTCUSDT,bid,63600,641.916
2024-08-01 09:08:58,BTCUSDT,bid,63500,659.237
2024-08-01 09:08:58,BTCUSDT,bid,63500,659.247
2024-08-01 09:08:59,BTCUSDT,bid,63600,640.916
2024-08-01 09:08:59,BTCUSDT,bid,63700,566.104
2024-08-01 09:08:59,BTCUSDT,bid,63700,565.104
2024-08-01 09:08:59,BTCUSDT,bid,63800,650.134
2024-08-01 09:09:01,BTCUSDT,bid,63800,650.384
2024-08-01 09:09:03,BTCUSDT,bid,63500,659.233
2024-08-01 09:09:03,BTCUSDT,bid,63500,659.224
2024-08-01 09:09:04,BTCUSDT,bid,63500,659.257
2024-08-01 09:09:05,BTCUSDT,bid,63500,659.24
2024-08-01 09:09:05,BTCUSDT,bid,63600,640.91
2024-08-01 09:09:06,BTCUSDT,bid,63700,565.098
2024-08-01 09:09:06,BTCUSDT,bid,63500,659.26
2024-08-01 09:09:06,BTCUSDT,bid,63600,640.342
2024-08-01 09:09:07,BTCUSDT,bid,63500,659.349
2024-08-01 09:09:07,BTCUSDT,bid,63500,659.477
2024-08-01 09:09:08,BTCUSDT,bid,63500,659.177
2024-08-01 09:09:08,BTCUSDT,bid,63600,640.381
2024-08-01 09:09:09,BTCUSDT,bid,63800,650.377
2024-08-01 09:09:09,BTCUSDT,bid,63800,650.403
2024-08-01 09:09:09,BTCUSDT,bid,63600,640.631
2024-08-01 09:09:10,BTCUSDT,bid,63500,658.177
2024-08-01 09:09:10,BTCUSDT,bid,63500,658.175
2024-08-01 09:09:12,BTCUSDT,bid,63600,640.638
2024-08-01 09:09:12,BTCUSDT,bid,63500,657.175
2024-08-01 09:09:12,BTCUSDT,bid,63600,640.794
2024-08-01 09:09:13,BTCUSDT,bid,63700,565.198
2024-08-01 09:09:14,BTCUSDT,bid,63800,650.307
2024-08-01 09:09:15,BTCUSDT,bid,63800,650.293
2024-08-01 09:09:16,BTCUSDT,bid,63500,656.675
2024-08-01 09:09:16,BTCUSDT,bid,63500,656.68
2024-08-01 09:09:17,BTCUSDT,bid,63800,650.299
2024-08-01 09:09:18,BTCUSDT,bid,63800,650.259
2024-08-01 09:09:19,BTCUSDT,bid,63800,650.261
2024-08-01 09:09:20,BTCUSDT,bid,63700,565.247
2024-08-01 09:09:20,BTCUSDT,bid,63500,656.684
2024-08-01 09:09:21,BTCUSDT,bid,63700,565.276
