2024-08-01 00:00:27,ETHUSDT,bid,3100,3260.663
2024-08-01 00:01:34,ETHUSDT,bid,3100,3261.63
2024-08-01 00:01:38,ETHUSDT,bid,3200,3767.746
2024-08-01 00:02:42,ETHUSDT,bid,3100,3261.696
2024-08-01 00:03:01,ETHUSDT,bid,3100,3261.63
2024-08-01 00:03:34,ETHUSDT,bid,3100,3261.659
2024-08-01 00:03:38,ETHUSDT,bid,3220,3323.511
2024-08-01 00:03:47,ETHUSDT,bid,3100,3262.159
2024-08-01 00:04:03,ETHUSDT,bid,3100,3261.654
2024-08-01 00:04:11,ETHUSDT,bid,3200,3768.246
2024-08-01 00:04:47,ETHUSDT,bid,3220,3323.531
2024-08-01 00:04:58,ETHUSDT,bid,3220,3322.159
2024-08-01 00:05:05,ETHUSDT,bid,3200,3767.746
2024-08-01 00:05:37,ETHUSDT,bid,3100,3262.614
2024-08-01 00:06:03,ETHUSDT,bid,3100,3263.739
2024-08-01 00:07:04,ETHUSDT,bid,3220,3321.859
2024-08-01 00:07:38,ETHUSDT,bid,3100,3263.841
2024-08-01 00:07:50,ETHUSDT,bid,3100,3263.739
2024-08-01 00:08:17,ETHUSDT,bid,3220,3141.813
2024-08-01 00:08:57,ETHUSDT,ask,3360,4982.974
2024-08-01 00:09:03,ETHUSDT,bid,3220,3321.084
2024-08-01 00:09:12,ETHUSDT,bid,3220,10816.458
2024-08-01 00:09:39,ETHUSDT,bid,3100,3263.839
2024-08-01 00:10:18,ETHUSDT,bid,3100,3263.453
2024-08-01 00:10:28,ETHUSDT,bid,3100,3263.853
2024-08-01 00:11:26,ETHUSDT,bid,3100,3263.353
2024-08-01 00:11:26,ETHUSDT,bid,3200,3767.246
2024-08-01 00:11:45,ETHUSDT,bid,3220,3319.534
2024-08-01 00:11:48,ETHUSDT,bid,3220,3319.514
2024-08-01 00:12:09,ETHUSDT,bid,3220,3319.669
2024-08-01 00:12:23,ETHUSDT,bid,3200,3769.246
2024-08-01 00:12:42,ETHUSDT,bid,3100,3263.403
2024-08-01 00:12:44,ETHUSDT,bid,3230,10930.809
2024-08-01 00:14:56,ETHUSDT,bid,3220,10820.87
2024-08-01 00:15:12,ETHUSDT,ask,3360,4985.946
2024-08-01 00:15:12,ETHUSDT,ask,3360,4991.886
2024-08-01 00:15:22,ETHUSDT,bid,3200,3769.708
2024-08-01 00:15:55,ETHUSDT,bid,3100,3263.702
2024-08-01 00:16:28,ETHUSDT,bid,3220,3319.659
2024-08-01 00:17:16,ETHUSDT,bid,3100,3263.812
2024-08-01 00:17:34,ETHUSDT,ask,3360,4976.614
2024-08-01 00:18:01,ETHUSDT,bid,3200,3769.724
2024-08-01 00:18:35,ETHUSDT,bid,3200,3769.594
2024-08-01 00:18:46,ETHUSDT,bid,3100,3263.953
2024-08-01 00:18:59,ETHUSDT,bid,3100,3263.812
2024-08-01 00:19:11,ETHUSDT,bid,3200,3759.196
2024-08-01 00:19:45,ETHUSDT,bid,3200,3759.647
2024-08-01 00:19:56,ETHUSDT,ask,3360,4974.412
2024-08-01 00:19:57,ETHUSDT,ask,3360,4980.353
2024-08-01 00:19:57,ETHUSDT,ask,3360,4986.294
2024-08-01 00:20:14,ETHUSDT,bid,3100,3263.934
2024-08-01 00:20:18,ETHUSDT,ask,3530,3596.386
2024-08-01 00:20:45,ETHUSDT,bid,3100,3264.034
2024-08-01 00:22:20,ETHUSDT,bid,3100,3263.634
2024-08-01 00:22:59,ETHUSDT,bid,3100,3268.634
2024-08-01 00:24:17,ETHUSDT,bid,3100,3269.103
2024-08-01 00:24:47,ETHUSDT,bid,3100,3269.585
2024-08-01 00:26:19,ETHUSDT,bid,3100,3269.574
2024-08-01 00:28:37,ETHUSDT,bid,3220,3321.659
2024-08-01 00:29:23,ETHUSDT,bid,3100,3269.638
2024-08-01 00:30:56,ETHUSDT,bid,3100,3269.96
2024-08-01 00:34:02,ETHUSDT,bid,3100,3269.992
2024-08-01 00:34:55,ETHUSDT,bid,3220,3468.982
2024-08-01 00:34:59,ETHUSDT,ask,3370,4951.99
2024-08-01 00:35:00,ETHUSDT,ask,3370,4957.909
2024-08-01 00:35:01,ETHUSDT,ask,3370,4963.828
2024-08-01 00:35:02,ETHUSDT,ask,3370,4969.746
2024-08-01 00:35:02,ETHUSDT,ask,3370,4975.664
2024-08-01 00:35:02,ETHUSDT,ask,3370,4981.582
2024-08-01 00:35:03,ETHUSDT,ask,3370,4987.501
2024-08-01 00:35:04,ETHUSDT,ask,3370,4993.419
2024-08-01 00:35:04,ETHUSDT,ask,3370,4999.337
2024-08-01 00:35:15,ETHUSDT,bid,3240,10776.94
2024-08-01 00:35:25,ETHUSDT,ask,3370,4944.901
2024-08-01 00:35:25,ETHUSDT,ask,3370,4947.86
2024-08-01 00:36:24,ETHUSDT,bid,3100,3269.751
2024-08-01 00:37:10,ETHUSDT,bid,3100,3271.202
2024-08-01 00:37:22,ETHUSDT,bid,3200,3749.647
2024-08-01 00:37:31,ETHUSDT,bid,3200,3748.197
2024-08-01 00:38:18,ETHUSDT,bid,3220,3131.937
2024-08-01 00:39:43,ETHUSDT,bid,3100,3263.226
2024-08-01 00:39:56,ETHUSDT,bid,3100,3263.876
2024-08-01 00:39:59,ETHUSDT,bid,3220,3432.151
2024-08-01 00:40:30,ETHUSDT,bid,3100,3264.159
2024-08-01 00:40:39,ETHUSDT,bid,3100,3264.965
2024-08-01 00:43:08,ETHUSDT,bid,3220,3431.915
2024-08-01 00:43:19,ETHUSDT,bid,3220,3431.938
2024-08-01 00:43:38,ETHUSDT,bid,3220,3432.038
2024-08-01 00:43:39,ETHUSDT,bid,3100,3264.916
2024-08-01 00:44:38,ETHUSDT,bid,3200,3748.189
2024-08-01 00:46:05,ETHUSDT,bid,3220,3430.488
2024-08-01 00:46:25,ETHUSDT,bid,3100,3274.916
2024-08-01 00:46:35,ETHUSDT,bid,3100,3274.887
2024-08-01 00:50:53,ETHUSDT,bid,3220,3430.465
2024-08-01 00:50:55,ETHUSDT,bid,3100,3271.887
2024-08-01 00:51:48,ETHUSDT,bid,3100,3271.951
2024-08-01 00:52:15,ETHUSDT,bid,3220,3439.763
2024-08-01 00:52:38,ETHUSDT,bid,3100,3270.661
2024-08-01 00:53:19,ETHUSDT,bid,3100,3270.51
2024-08-01 00:53:20,ETHUSDT,bid,3100,3270.041
2024-08-01 00:53:33,ETHUSDT,bid,3100,3267.041
2024-08-01 00:53:38,ETHUSDT,bid,3100,3267.133
2024-08-01 00:54:08,ETHUSDT,bid,3100,3268.133
2024-08-01 00:54:21,ETHUSDT,bid,3100,3287.956
2024-08-01 00:55:01,ETHUSDT,bid,3100,3289.456
2024-08-01 00:55:11,ETHUSDT,bid,3220,3329.271
2024-08-01 00:55:14,ETHUSDT,bid,3100,3287.956
2024-08-01 00:56:19,ETHUSDT,bid,3220,3329.389
2024-08-01 00:56:48,ETHUSDT,bid,3100,3289.956
2024-08-01 00:58:16,ETHUSDT,bid,3220,3329.334
2024-08-01 00:58:45,ETHUSDT,bid,3220,3329.346
2024-08-01 00:58:50,ETHUSDT,bid,3200,3748.197
2024-08-01 00:59:13,ETHUSDT,bid,3200,3795.994
2024-08-01 00:59:29,ETHUSDT,bid,3200,3798.994
2024-08-01 00:59:34,ETHUSDT,bid,3100,3289.968
2024-08-01 00:59:45,ETHUSDT,bid,3220,3368.06
2024-08-01 00:59:59,ETHUSDT,bid,3100,3287.629
2024-08-01 01:00:00,ETHUSDT,bid,3100,3288.129
2024-08-01 01:00:45,ETHUSDT,bid,3220,3366.545
2024-08-01 01:00:54,ETHUSDT,bid,3220,3357.247
2024-08-01 01:00:57,ETHUSDT,bid,2350,4255.491
2024-08-01 01:01:01,ETHUSDT,bid,3220,3318.533
2024-08-01 01:01:13,ETHUSDT,bid,3100,3288.225
2024-08-01 01:01:22,ETHUSDT,bid,3220,3320.533
2024-08-01 01:01:32,ETHUSDT,bid,3220,3320.785
2024-08-01 01:01:40,ETHUSDT,bid,3100,3287.926
2024-08-01 01:01:43,ETHUSDT,bid,3220,3142.181
2024-08-01 01:01:59,ETHUSDT,bid,3220,3141.467
2024-08-01 01:02:40,ETHUSDT,bid,3100,3287.426
2024-08-01 01:02:41,ETHUSDT,bid,3100,3288.071
2024-08-01 01:02:44,ETHUSDT,bid,3100,3288.059
2024-08-01 01:03:30,ETHUSDT,bid,3100,3288.349
2024-08-01 01:03:48,ETHUSDT,bid,3100,3287.575
2024-08-01 01:10:45,ETHUSDT,bid,3100,3284.658
2024-08-01 01:10:52,ETHUSDT,bid,3100,3275.272
2024-08-01 01:10:56,ETHUSDT,bid,3100,3273.388
2024-08-01 01:11:13,ETHUSDT,ask,3300,3171.636
2024-08-01 01:11:18,ETHUSDT,ask,3300,3122.269
2024-08-01 01:11:18,ETHUSDT,ask,3300,3122.269
2024-08-01 01:11:18,ETHUSDT,ask,3300,3122.182
2024-08-01 01:11:18,ETHUSDT,ask,3300,3122.154
2024-08-01 01:11:19,ETHUSDT,ask,3300,3126.408
2024-08-01 01:11:20,ETHUSDT,ask,3300,3165.156
2024-08-01 01:11:20,ETHUSDT,ask,3300,3165.156
2024-08-01 01:11:20,ETHUSDT,bid,3200,3736.27
2024-08-01 01:11:20,ETHUSDT,ask,3300,3177.482
2024-08-01 01:11:24,ETHUSDT,ask,3300,3173.131
2024-08-01 01:11:24,ETHUSDT,ask,3300,3171.892
2024-08-01 01:11:25,ETHUSDT,ask,3300,3187.661
2024-08-01 01:11:26,ETHUSDT,ask,3300,3187.864
2024-08-01 01:11:26,ETHUSDT,ask,3300,3276.138
2024-08-01 01:11:26,ETHUSDT,ask,3300,3276.077
2024-08-01 01:11:26,ETHUSDT,ask,3300,3276.07
2024-08-01 01:11:27,ETHUSDT,ask,3300,3276.276
2024-08-01 01:11:27,ETHUSDT,ask,3300,3320.948
2024-08-01 01:11:28,ETHUSDT,ask,3300,3319.837
2024-08-01 01:11:29,ETHUSDT,ask,3300,3320.064
2024-08-01 01:11:29,ETHUSDT,ask,3300,3330.619
2024-08-01 01:11:29,ETHUSDT,ask,3300,3330.606
2024-08-01 01:11:31,ETHUSDT,ask,3300,3294.039
2024-08-01 01:11:31,ETHUSDT,ask,3300,3227.554
2024-08-01 01:11:31,ETHUSDT,ask,3300,3227.686
2024-08-01 01:11:32,ETHUSDT,ask,3300,3145.726
2024-08-01 01:11:32,ETHUSDT,ask,3300,3145.8
2024-08-01 01:11:33,ETHUSDT,ask,3300,3145.765
2024-08-01 01:11:35,ETHUSDT,ask,3310,3034.276
2024-08-01 01:11:35,ETHUSDT,ask,3310,3034.276
2024-08-01 01:11:36,ETHUSDT,ask,3310,3034.276
2024-08-01 01:12:03,ETHUSDT,bid,3100,3270.856
2024-08-01 01:12:14,ETHUSDT,bid,3100,3270.867
2024-08-01 01:12:20,ETHUSDT,bid,3200,3735.855
2024-08-01 01:12:30,ETHUSDT,bid,2350,4254.349
2024-08-01 01:12:30,ETHUSDT,bid,2450,4084.367
2024-08-01 01:12:30,ETHUSDT,bid,3200,3734.713
2024-08-01 01:13:09,ETHUSDT,bid,3100,3272.867
2024-08-01 01:13:11,ETHUSDT,ask,3310,3046.732
2024-08-01 01:13:13,ETHUSDT,ask,3300,3069.024
2024-08-01 01:13:22,ETHUSDT,bid,3100,3278.028
2024-08-01 01:13:42,ETHUSDT,bid,2350,4255.493
2024-08-01 01:13:42,ETHUSDT,bid,2450,4085.511
2024-08-01 01:13:42,ETHUSDT,bid,3200,3735.857
2024-08-01 01:13:46,ETHUSDT,bid,3220,3317.104
2024-08-01 01:13:48,ETHUSDT,bid,3100,3279.028
2024-08-01 01:15:20,ETHUSDT,bid,3220,3315.104
2024-08-01 01:15:22,ETHUSDT,ask,3300,3253.082
2024-08-01 01:15:22,ETHUSDT,ask,3300,3253.179
2024-08-01 01:15:22,ETHUSDT,ask,3300,3253.822
2024-08-01 01:15:23,ETHUSDT,ask,3300,3275.969
2024-08-01 01:15:23,ETHUSDT,ask,3300,3427.962
2024-08-01 01:15:23,ETHUSDT,ask,3300,3420.837
2024-08-01 01:15:24,ETHUSDT,ask,3300,3420.841
2024-08-01 01:15:24,ETHUSDT,ask,3300,3420.773
2024-08-01 01:15:24,ETHUSDT,ask,3300,3420.773
2024-08-01 01:15:25,ETHUSDT,ask,3300,3575.011
2024-08-01 01:15:25,ETHUSDT,ask,3300,3573.444
2024-08-01 01:15:25,ETHUSDT,ask,3300,3717.957
2024-08-01 01:15:26,ETHUSDT,ask,3300,3717.966
2024-08-01 01:15:26,ETHUSDT,ask,3300,3819.728
2024-08-01 01:15:26,ETHUSDT,ask,3300,3818.971
2024-08-01 01:15:26,ETHUSDT,ask,3300,3819.627
2024-08-01 01:15:27,ETHUSDT,ask,3300,3819.097
2024-08-01 01:15:27,ETHUSDT,ask,3300,3788.5
2024-08-01 01:15:27,ETHUSDT,ask,3300,3801.902
2024-08-01 01:15:27,ETHUSDT,ask,3300,3802.258
2024-08-01 01:15:27,ETHUSDT,ask,3300,3786.951
2024-08-01 01:15:27,ETHUSDT,ask,3300,3787.37
2024-08-01 01:15:27,ETHUSDT,ask,3300,3786.951
2024-08-01 01:15:28,ETHUSDT,ask,3300,3787.456
2024-08-01 01:15:28,ETHUSDT,ask,3300,3749.812
2024-08-01 01:15:28,ETHUSDT,ask,3300,3749.79
2024-08-01 01:15:28,ETHUSDT,ask,3300,3749.916
2024-08-01 01:15:28,ETHUSDT,ask,3300,3749.916
2024-08-01 01:15:30,ETHUSDT,ask,3300,3520.967
2024-08-01 01:15:32,ETHUSDT,ask,3300,3217.783
2024-08-01 01:15:33,ETHUSDT,bid,3100,3278.76
2024-08-01 01:16:36,ETHUSDT,bid,3100,3288.206
2024-08-01 01:16:46,ETHUSDT,bid,3220,3132.775
2024-08-01 01:17:03,ETHUSDT,ask,3310,3072.864
2024-08-01 01:17:03,ETHUSDT,ask,3310,3073.448
2024-08-01 01:17:05,ETHUSDT,ask,3310,3118.15
2024-08-01 01:17:05,ETHUSDT,ask,3310,3080.831
2024-08-01 01:17:06,ETHUSDT,ask,3310,3082.414
2024-08-01 01:17:06,ETHUSDT,ask,3310,3081.103
2024-08-01 01:17:06,ETHUSDT,ask,3310,3084.378
2024-08-01 01:17:06,ETHUSDT,ask,3310,3082.855
2024-08-01 01:17:06,ETHUSDT,ask,3310,3082.795
2024-08-01 01:17:07,ETHUSDT,ask,3310,3082.795
2024-08-01 01:17:07,ETHUSDT,ask,3310,3028.306
2024-08-01 01:17:07,ETHUSDT,ask,3300,3028.255
2024-08-01 01:17:08,ETHUSDT,ask,3300,3028.305
2024-08-01 01:17:08,ETHUSDT,ask,3300,3028.288
2024-08-01 01:18:07,ETHUSDT,ask,3310,3038.019
2024-08-01 01:18:08,ETHUSDT,ask,3310,3037.781
2024-08-01 01:18:08,ETHUSDT,ask,3310,3038.126
2024-08-01 01:18:08,ETHUSDT,ask,3310,3037.818
2024-08-01 01:18:08,ETHUSDT,ask,3310,3069.941
2024-08-01 01:18:08,ETHUSDT,ask,3310,3070.027
2024-08-01 01:18:09,ETHUSDT,ask,3310,3193.498
2024-08-01 01:18:09,ETHUSDT,ask,3310,3087.462
2024-08-01 01:18:10,ETHUSDT,ask,3310,3088.495
2024-08-01 01:18:10,ETHUSDT,ask,3310,3117.535
2024-08-01 01:18:11,ETHUSDT,ask,3310,3100.674
2024-08-01 01:18:11,ETHUSDT,ask,3310,3100.666
2024-08-01 01:18:11,ETHUSDT,ask,3310,3100.712
2024-08-01 01:18:12,ETHUSDT,ask,3310,3100.935
2024-08-01 01:18:12,ETHUSDT,ask,3310,3100.664
2024-08-01 01:18:13,ETHUSDT,ask,3310,3045.953
2024-08-01 01:18:13,ETHUSDT,ask,3310,3060.911
2024-08-01 01:18:14,ETHUSDT,ask,3310,3045.953
2024-08-01 01:18:14,ETHUSDT,ask,3310,3045.953
2024-08-01 01:18:14,ETHUSDT,ask,3310,3034.211
2024-08-01 01:18:16,ETHUSDT,ask,3310,3031.374
2024-08-01 01:18:16,ETHUSDT,ask,3310,3059.028
2024-08-01 01:18:17,ETHUSDT,ask,3310,3059.06
2024-08-01 01:18:17,ETHUSDT,ask,3310,3059.079
2024-08-01 01:18:17,ETHUSDT,ask,3310,3043.007
2024-08-01 01:18:51,ETHUSDT,ask,3310,3109.487
2024-08-01 01:18:51,ETHUSDT,ask,3310,3109.39
2024-08-01 01:18:52,ETHUSDT,ask,3310,3167.659
2024-08-01 01:18:53,ETHUSDT,ask,3310,3167.646
2024-08-01 01:18:53,ETHUSDT,ask,3310,3259.818
2024-08-01 01:18:53,ETHUSDT,ask,3310,3259.544
2024-08-01 01:18:53,ETHUSDT,ask,3310,3259.533
2024-08-01 01:18:53,ETHUSDT,ask,3310,3261.085
2024-08-01 01:18:54,ETHUSDT,ask,3310,3251.438
2024-08-01 01:18:55,ETHUSDT,ask,3310,3251.035
2024-08-01 01:18:55,ETHUSDT,ask,3310,3280.83
2024-08-01 01:18:55,ETHUSDT,ask,3310,3280.596
2024-08-01 01:18:56,ETHUSDT,ask,3310,3280.628
2024-08-01 01:18:56,ETHUSDT,bid,3100,3287.206
2024-08-01 01:18:56,ETHUSDT,ask,3310,3332.869
2024-08-01 01:18:56,ETHUSDT,ask,3310,3333.103
2024-08-01 01:18:56,ETHUSDT,ask,3310,3333.103
2024-08-01 01:18:56,ETHUSDT,ask,3310,3332.901
2024-08-01 01:18:57,ETHUSDT,ask,3310,3333.103
2024-08-01 01:18:57,ETHUSDT,ask,3310,3348.679
2024-08-01 01:18:57,ETHUSDT,ask,3310,3460.14
2024-08-01 01:18:57,ETHUSDT,ask,3310,3459.963
2024-08-01 01:18:57,ETHUSDT,ask,3310,3459.953
2024-08-01 01:18:57,ETHUSDT,ask,3310,3459.906
2024-08-01 01:18:57,ETHUSDT,ask,3310,3459.906
2024-08-01 01:18:58,ETHUSDT,ask,3310,3467.086
2024-08-01 01:18:58,ETHUSDT,ask,3310,3460.14
2024-08-01 01:18:58,ETHUSDT,ask,3310,3459.93
2024-08-01 01:18:58,ETHUSDT,ask,3310,3536.544
2024-08-01 01:18:58,ETHUSDT,ask,3310,3536.544
2024-08-01 01:18:58,ETHUSDT,ask,3310,3536.633
2024-08-01 01:18:58,ETHUSDT,ask,3310,3536.591
2024-08-01 01:18:58,ETHUSDT,ask,3310,3536.576
2024-08-01 01:18:59,ETHUSDT,ask,3310,3536.778
2024-08-01 01:18:59,ETHUSDT,ask,3310,3608.536
2024-08-01 01:18:59,ETHUSDT,ask,3310,3592.758
2024-08-01 01:18:59,ETHUSDT,ask,3310,3608.536
2024-08-01 01:18:59,ETHUSDT,ask,3310,3592.726
2024-08-01 01:18:59,ETHUSDT,ask,3310,3608.536
2024-08-01 01:19:00,ETHUSDT,ask,3310,3592.96
2024-08-01 01:19:00,ETHUSDT,ask,3310,3608.536
2024-08-01 01:19:00,ETHUSDT,ask,3310,3625.837
2024-08-01 01:19:01,ETHUSDT,ask,3310,3595.395
2024-08-01 01:19:01,ETHUSDT,ask,3310,3595.395
2024-08-01 01:19:02,ETHUSDT,ask,3310,3543.969
2024-08-01 01:19:02,ETHUSDT,ask,3310,3543.969
2024-08-01 01:19:02,ETHUSDT,ask,3310,3528.159
2024-08-01 01:19:03,ETHUSDT,ask,3310,3528.159
2024-08-01 01:19:03,ETHUSDT,ask,3310,3502.374
2024-08-01 01:19:04,ETHUSDT,ask,3310,3501.586
2024-08-01 01:19:04,ETHUSDT,ask,3310,3501.586
2024-08-01 01:19:04,ETHUSDT,ask,3310,3501.586
2024-08-01 01:19:05,ETHUSDT,ask,3310,3502.386
2024-08-01 01:19:05,ETHUSDT,ask,3310,3509.045
2024-08-01 01:19:05,ETHUSDT,ask,3310,3493.263
2024-08-01 01:19:06,ETHUSDT,ask,3310,3500.474
2024-08-01 01:19:06,ETHUSDT,ask,3310,3376.262
2024-08-01 01:19:06,ETHUSDT,ask,3310,3376.36
2024-08-01 01:19:06,ETHUSDT,ask,3310,3376.345
2024-08-01 01:19:06,ETHUSDT,ask,3310,3376.322
2024-08-01 01:19:06,ETHUSDT,ask,3310,3376.322
2024-08-01 01:19:07,ETHUSDT,ask,3310,3376.345
2024-08-01 01:19:07,ETHUSDT,ask,3310,3376.269
2024-08-01 01:19:07,ETHUSDT,ask,3300,3279.266
2024-08-01 01:19:07,ETHUSDT,ask,3300,3279.266
2024-08-01 01:19:07,ETHUSDT,ask,3300,3279.449
2024-08-01 01:19:08,ETHUSDT,ask,3300,3279.449
2024-08-01 01:19:08,ETHUSDT,ask,3300,3279.449
2024-08-01 01:19:08,ETHUSDT,ask,3310,3279.266
2024-08-01 01:19:08,ETHUSDT,ask,3300,3279.266
2024-08-01 01:19:08,ETHUSDT,ask,3310,3216.571
2024-08-01 01:19:08,ETHUSDT,ask,3310,3216.571
2024-08-01 01:19:09,ETHUSDT,ask,3300,3224.977
2024-08-01 01:19:09,ETHUSDT,ask,3300,3126.824
2024-08-01 01:19:09,ETHUSDT,ask,3300,3176.6
2024-08-01 01:19:09,ETHUSDT,ask,3300,3126.718
2024-08-01 01:19:09,ETHUSDT,ask,3300,3126.615
2024-08-01 01:19:09,ETHUSDT,ask,3300,3126.476
2024-08-01 01:19:10,ETHUSDT,ask,3300,3126.476
2024-08-01 01:19:10,ETHUSDT,ask,3300,3070.878
2024-08-01 01:19:10,ETHUSDT,ask,3300,3070.878
2024-08-01 01:19:10,ETHUSDT,ask,3300,3070.878
2024-08-01 01:19:10,ETHUSDT,ask,3300,3071.017
2024-08-01 01:19:11,ETHUSDT,ask,3300,3070.878
2024-08-01 01:19:11,ETHUSDT,ask,3300,3070.878
2024-08-01 01:19:11,ETHUSDT,ask,3300,3021.451
2024-08-01 01:19:27,ETHUSDT,ask,3310,3040.604
2024-08-01 01:19:27,ETHUSDT,ask,3310,3040.562
2024-08-01 01:19:27,ETHUSDT,ask,3310,3040.569
2024-08-01 01:19:28,ETHUSDT,ask,3310,3040.662
2024-08-01 01:19:28,ETHUSDT,ask,3310,3145.532
2024-08-01 01:19:28,ETHUSDT,ask,3310,3145.52
2024-08-01 01:19:28,ETHUSDT,ask,3310,3145.505
2024-08-01 01:19:28,ETHUSDT,ask,3310,3145.498
2024-08-01 01:19:28,ETHUSDT,ask,3310,3145.52
2024-08-01 01:19:29,ETHUSDT,ask,3310,3145.532
2024-08-01 01:19:29,ETHUSDT,ask,3310,3145.54
2024-08-01 01:19:29,ETHUSDT,ask,3310,3211.461
2024-08-01 01:19:29,ETHUSDT,ask,3310,3211.446
2024-08-01 01:19:30,ETHUSDT,ask,3310,3258.037
2024-08-01 01:19:30,ETHUSDT,ask,3300,3258.037
2024-08-01 01:19:31,ETHUSDT,ask,3300,3258.03
2024-08-01 01:19:31,ETHUSDT,ask,3300,3258.213
2024-08-01 01:19:31,ETHUSDT,ask,3300,3258.037
2024-08-01 01:19:31,ETHUSDT,ask,3300,3241.397
2024-08-01 01:19:32,ETHUSDT,ask,3300,3239.869
2024-08-01 01:19:32,ETHUSDT,ask,3310,3239.841
2024-08-01 01:19:32,ETHUSDT,ask,3300,3239.87
2024-08-01 01:19:32,ETHUSDT,ask,3300,3211.357
2024-08-01 01:19:32,ETHUSDT,ask,3300,3211.743
2024-08-01 01:19:33,ETHUSDT,ask,3310,3211.794
2024-08-01 01:19:33,ETHUSDT,ask,3300,3211.525
2024-08-01 01:19:33,ETHUSDT,ask,3300,3211.283
2024-08-01 01:19:33,ETHUSDT,ask,3310,3159.49
2024-08-01 01:19:33,ETHUSDT,ask,3300,3158.809
2024-08-01 01:19:34,ETHUSDT,ask,3300,3158.808
2024-08-01 01:19:34,ETHUSDT,ask,3300,3158.8
2024-08-01 01:19:34,ETHUSDT,ask,3300,3118.811
2024-08-01 01:19:34,ETHUSDT,ask,3300,3119.036
2024-08-01 01:19:35,ETHUSDT,ask,3300,3118.759
2024-08-01 01:19:35,ETHUSDT,ask,3300,3118.73
2024-08-01 01:19:35,ETHUSDT,ask,3300,3118.73
2024-08-01 01:19:35,ETHUSDT,ask,3300,3079.501
2024-08-01 01:19:35,ETHUSDT,ask,3300,3079.537
2024-08-01 01:19:36,ETHUSDT,ask,3300,3079.501
2024-08-01 01:20:16,ETHUSDT,bid,3100,3287.528
2024-08-01 01:20:30,ETHUSDT,ask,3300,3055.979
2024-08-01 01:20:30,ETHUSDT,ask,3300,3056.053
2024-08-01 01:20:31,ETHUSDT,ask,3300,3055.979
2024-08-01 01:20:31,ETHUSDT,ask,3300,3055.999
2024-08-01 01:20:31,ETHUSDT,ask,3300,3127.125
2024-08-01 01:20:32,ETHUSDT,ask,3300,3126.665
2024-08-01 01:20:32,ETHUSDT,ask,3300,3127.125
2024-08-01 01:20:32,ETHUSDT,ask,3300,3170.195
2024-08-01 01:20:32,ETHUSDT,ask,3300,3170.208
2024-08-01 01:20:32,ETHUSDT,ask,3300,3170.655
2024-08-01 01:20:32,ETHUSDT,ask,3300,3170.655
2024-08-01 01:20:33,ETHUSDT,ask,3300,3170.195
2024-08-01 01:20:33,ETHUSDT,ask,3300,3216.208
2024-08-01 01:20:33,ETHUSDT,ask,3300,3215.86
2024-08-01 01:20:34,ETHUSDT,ask,3300,3216.208
2024-08-01 01:20:34,ETHUSDT,ask,3300,3216.756
2024-08-01 01:20:34,ETHUSDT,ask,3300,3216.208
2024-08-01 01:20:34,ETHUSDT,ask,3300,3258.898
2024-08-01 01:20:34,ETHUSDT,ask,3300,3258.898
2024-08-01 01:20:34,ETHUSDT,ask,3300,3258.898
2024-08-01 01:20:34,ETHUSDT,ask,3300,3258.898
2024-08-01 01:20:34,ETHUSDT,ask,3300,3258.898
2024-08-01 01:20:35,ETHUSDT,ask,3300,3263.434
2024-08-01 01:20:35,ETHUSDT,ask,3300,3258.898
2024-08-01 01:20:35,ETHUSDT,ask,3300,3273.011
2024-08-01 01:20:35,ETHUSDT,ask,3300,3273.11
2024-08-01 01:20:35,ETHUSDT,ask,3300,3273.013
2024-08-01 01:20:36,ETHUSDT,ask,3300,3273.013
2024-08-01 01:20:36,ETHUSDT,ask,3300,3272.805
2024-08-01 01:20:36,ETHUSDT,ask,3300,3221.456
2024-08-01 01:20:36,ETHUSDT,ask,3300,3224.336
2024-08-01 01:20:36,ETHUSDT,ask,3300,3221.354
2024-08-01 01:20:37,ETHUSDT,ask,3300,3221.825
2024-08-01 01:20:37,ETHUSDT,bid,3100,3307.528
2024-08-01 01:20:38,ETHUSDT,ask,3300,3179.032
2024-08-01 01:20:38,ETHUSDT,ask,3310,3179.693
2024-08-01 01:20:39,ETHUSDT,ask,3300,3179.151
2024-08-01 01:20:39,ETHUSDT,ask,3300,3179.481
2024-08-01 01:20:39,ETHUSDT,ask,3300,3184.164
2024-08-01 01:20:39,ETHUSDT,ask,3310,3184.262
2024-08-01 01:20:40,ETHUSDT,ask,3300,3184.228
2024-08-01 01:20:40,ETHUSDT,ask,3310,3196.196
2024-08-01 01:20:40,ETHUSDT,ask,3310,3196.243
2024-08-01 01:20:40,ETHUSDT,ask,3310,3196.921
2024-08-01 01:20:41,ETHUSDT,ask,3300,3196.379
2024-08-01 01:20:41,ETHUSDT,ask,3310,3227.112
2024-08-01 01:20:41,ETHUSDT,ask,3300,3227.103
2024-08-01 01:20:41,ETHUSDT,ask,3300,3227.286
2024-08-01 01:20:42,ETHUSDT,ask,3300,3227.103
2024-08-01 01:20:42,ETHUSDT,ask,3310,3305.809
2024-08-01 01:20:42,ETHUSDT,ask,3300,3305.809
2024-08-01 01:20:42,ETHUSDT,ask,3300,3305.819
2024-08-01 01:20:42,ETHUSDT,ask,3310,3305.809
2024-08-01 01:20:42,ETHUSDT,ask,3300,3305.809
2024-08-01 01:20:43,ETHUSDT,ask,3300,3305.841
2024-08-01 01:20:43,ETHUSDT,bid,3100,3307.518
2024-08-01 01:20:43,ETHUSDT,ask,3310,3305.809
2024-08-01 01:20:43,ETHUSDT,ask,3300,3305.941
2024-08-01 01:20:43,ETHUSDT,ask,3300,3296.891
2024-08-01 01:20:44,ETHUSDT,ask,3300,3296.923
2024-08-01 01:20:44,ETHUSDT,ask,3300,3296.923
2024-08-01 01:20:44,ETHUSDT,ask,3300,3328.528
2024-08-01 01:20:44,ETHUSDT,ask,3300,3328.528
2024-08-01 01:20:44,ETHUSDT,ask,3310,3328.499
2024-08-01 01:20:44,ETHUSDT,ask,3300,3328.528
2024-08-01 01:20:45,ETHUSDT,ask,3310,3328.508
2024-08-01 01:20:45,ETHUSDT,ask,3300,3330.086
2024-08-01 01:20:45,ETHUSDT,ask,3300,3330.093
2024-08-01 01:20:45,ETHUSDT,ask,3300,3330.15
2024-08-01 01:20:45,ETHUSDT,ask,3300,3330.086
2024-08-01 01:20:46,ETHUSDT,ask,3300,3330.086
2024-08-01 01:20:46,ETHUSDT,ask,3310,3330.095
2024-08-01 01:20:46,ETHUSDT,ask,3300,3375.069
2024-08-01 01:20:46,ETHUSDT,ask,3300,3375.069
2024-08-01 01:20:47,ETHUSDT,ask,3300,3375.069
2024-08-01 01:20:47,ETHUSDT,ask,3310,3375.078
2024-08-01 01:20:47,ETHUSDT,ask,3300,3375.252
2024-08-01 01:20:47,ETHUSDT,ask,3310,3393.075
2024-08-01 01:20:47,ETHUSDT,ask,3310,3393.068
2024-08-01 01:20:47,ETHUSDT,ask,3310,3393.102
2024-08-01 01:20:48,ETHUSDT,ask,3310,3393.406
2024-08-01 01:20:48,ETHUSDT,ask,3310,3393.44
2024-08-01 01:20:48,ETHUSDT,ask,3310,3393.413
2024-08-01 01:20:48,ETHUSDT,ask,3310,3393.714
2024-08-01 01:20:49,ETHUSDT,ask,3310,3393.406
2024-08-01 01:20:49,ETHUSDT,ask,3310,3403.456
2024-08-01 01:20:50,ETHUSDT,ask,3310,3403.456
2024-08-01 01:20:50,ETHUSDT,ask,3310,3414.588
2024-08-01 01:20:50,ETHUSDT,ask,3310,3414.588
2024-08-01 01:20:50,ETHUSDT,ask,3310,3414.588
2024-08-01 01:20:51,ETHUSDT,ask,3310,3415.367
2024-08-01 01:20:51,ETHUSDT,ask,3310,3415.367
2024-08-01 01:20:51,ETHUSDT,ask,3310,3415.367
2024-08-01 01:20:52,ETHUSDT,ask,3310,3415.367
2024-08-01 01:20:52,ETHUSDT,ask,3310,3415.376
2024-08-01 01:20:52,ETHUSDT,ask,3310,3350.527
2024-08-01 01:20:52,ETHUSDT,ask,3310,3350.527
2024-08-01 01:20:52,ETHUSDT,ask,3310,3350.527
2024-08-01 01:20:54,ETHUSDT,ask,3310,3375.994
2024-08-01 01:20:54,ETHUSDT,ask,3310,3375.543
2024-08-01 01:20:54,ETHUSDT,ask,3310,3392.667
2024-08-01 01:20:55,ETHUSDT,ask,3310,3392.767
2024-08-01 01:20:55,ETHUSDT,ask,3310,3355.401
2024-08-01 01:20:55,ETHUSDT,ask,3310,3354.829
2024-08-01 01:20:55,ETHUSDT,ask,3310,3355.132
2024-08-01 01:20:55,ETHUSDT,ask,3310,3354.829
2024-08-01 01:20:56,ETHUSDT,ask,3310,3354.836
2024-08-01 01:20:56,ETHUSDT,ask,3310,3295.96
2024-08-01 01:20:56,ETHUSDT,ask,3310,3295.898
2024-08-01 01:20:56,ETHUSDT,ask,3310,3295.877
2024-08-01 01:20:57,ETHUSDT,ask,3310,3296.291
2024-08-01 01:20:57,ETHUSDT,ask,3310,3295.884
2024-08-01 01:20:57,ETHUSDT,ask,3310,3278.246
2024-08-01 01:20:57,ETHUSDT,ask,3310,3278.653
2024-08-01 01:20:57,ETHUSDT,ask,3310,3278.653
2024-08-01 01:20:58,ETHUSDT,ask,3310,3278.322
2024-08-01 01:20:58,ETHUSDT,ask,3310,3278.279
2024-08-01 01:20:58,ETHUSDT,ask,3310,3269.095
2024-08-01 01:20:58,ETHUSDT,ask,3310,3273.734
2024-08-01 01:20:58,ETHUSDT,ask,3310,3393.229
2024-08-01 01:20:58,ETHUSDT,ask,3310,3308.772
2024-08-01 01:20:58,ETHUSDT,ask,3310,3308.772
2024-08-01 01:20:59,ETHUSDT,ask,3310,3379.158
2024-08-01 01:21:00,ETHUSDT,ask,3310,3255.041
2024-08-01 01:21:01,ETHUSDT,ask,3300,3093.285
2024-08-01 01:21:01,ETHUSDT,ask,3300,3093.772
2024-08-01 01:21:02,ETHUSDT,ask,3300,3047.024
2024-08-01 01:21:02,ETHUSDT,ask,3300,3031.043
2024-08-01 01:21:02,ETHUSDT,ask,3300,3030.983
2024-08-01 01:21:19,ETHUSDT,bid,3100,3307.407
2024-08-01 01:22:05,ETHUSDT,bid,3220,3315.135
2024-08-01 01:22:34,ETHUSDT,bid,3100,3320.31
2024-08-01 01:22:57,ETHUSDT,bid,3100,3322.155
2024-08-01 01:23:11,ETHUSDT,bid,3220,3315.631
2024-08-01 01:23:16,ETHUSDT,ask,3300,3056.352
2024-08-01 01:23:16,ETHUSDT,ask,3300,3053.683
2024-08-01 01:23:16,ETHUSDT,ask,3300,3053.692
2024-08-01 01:23:26,ETHUSDT,bid,3100,3322.634
2024-08-01 01:24:07,ETHUSDT,bid,3100,3322.642
2024-08-01 01:24:13,ETHUSDT,bid,3220,3315.739
2024-08-01 01:25:49,ETHUSDT,bid,3220,3133.775
2024-08-01 01:26:01,ETHUSDT,bid,3220,3317.289
2024-08-01 01:26:28,ETHUSDT,bid,3100,3323.448
2024-08-01 01:26:28,ETHUSDT,bid,3220,3134.415
2024-08-01 01:27:16,ETHUSDT,bid,3100,3303.448
2024-08-01 01:27:28,ETHUSDT,bid,3100,3304.448
2024-08-01 01:27:38,ETHUSDT,bid,3220,3315.289
2024-08-01 01:27:56,ETHUSDT,bid,3100,3304.158
2024-08-01 01:28:33,ETHUSDT,bid,3220,3134.57
2024-08-01 01:28:52,ETHUSDT,bid,3100,3303.914
2024-08-01 01:29:39,ETHUSDT,bid,3160,3788.096
2024-08-01 01:30:46,ETHUSDT,bid,3100,3299.828
2024-08-01 01:30:50,ETHUSDT,bid,3100,3290.382
2024-08-01 01:31:05,ETHUSDT,ask,3300,3050.634
2024-08-01 01:31:25,ETHUSDT,ask,3300,3025.312
2024-08-01 01:31:26,ETHUSDT,ask,3310,3090.165
2024-08-01 01:31:26,ETHUSDT,ask,3310,3090.162
2024-08-01 01:31:26,ETHUSDT,ask,3310,3090.813
2024-08-01 01:31:27,ETHUSDT,ask,3310,3092.239
2024-08-01 01:31:27,ETHUSDT,ask,3310,3190.376
2024-08-01 01:31:27,ETHUSDT,ask,3310,3190.073
2024-08-01 01:31:28,ETHUSDT,ask,3310,3190.045
2024-08-01 01:31:28,ETHUSDT,ask,3310,3214.039
2024-08-01 01:31:29,ETHUSDT,ask,3310,3256.622
2024-08-01 01:31:29,ETHUSDT,ask,3310,3256.466
2024-08-01 01:31:29,ETHUSDT,ask,3310,3256.466
2024-08-01 01:31:29,ETHUSDT,ask,3310,3256.474
2024-08-01 01:31:30,ETHUSDT,ask,3310,3256.466
2024-08-01 01:31:30,ETHUSDT,ask,3310,3273.915
2024-08-01 01:31:30,ETHUSDT,ask,3310,3273.68
2024-08-01 01:31:30,ETHUSDT,ask,3310,3273.687
2024-08-01 01:31:31,ETHUSDT,ask,3310,3273.68
2024-08-01 01:31:31,ETHUSDT,ask,3310,3273.687
2024-08-01 01:31:31,ETHUSDT,ask,3310,3308.82
2024-08-01 01:31:32,ETHUSDT,ask,3310,3288.423
2024-08-01 01:31:32,ETHUSDT,ask,3310,3288.423
2024-08-01 01:31:33,ETHUSDT,ask,3310,3272.799
2024-08-01 01:31:33,ETHUSDT,ask,3310,3274.063
2024-08-01 01:31:35,ETHUSDT,ask,3310,3337.633
2024-08-01 01:31:35,ETHUSDT,ask,3310,3285.745
2024-08-01 01:31:35,ETHUSDT,ask,3310,3286.254
2024-08-01 01:31:36,ETHUSDT,ask,3310,3285.834
2024-08-01 01:31:36,ETHUSDT,ask,3310,3285.729
2024-08-01 01:31:36,ETHUSDT,ask,3310,3285.754
2024-08-01 01:31:37,ETHUSDT,ask,3310,3336.569
2024-08-01 01:31:37,ETHUSDT,ask,3310,3335.093
2024-08-01 01:31:38,ETHUSDT,ask,3310,3335.109
2024-08-01 01:31:38,ETHUSDT,ask,3310,3347.947
2024-08-01 01:31:38,ETHUSDT,ask,3310,3347.999
2024-08-01 01:31:38,ETHUSDT,ask,3310,3347.947
2024-08-01 01:31:38,ETHUSDT,ask,3310,3348.031
2024-08-01 01:31:38,ETHUSDT,ask,3310,3347.933
2024-08-01 01:31:39,ETHUSDT,ask,3310,3347.943
2024-08-01 01:31:39,ETHUSDT,ask,3310,3347.947
2024-08-01 01:31:39,ETHUSDT,ask,3310,3354.14
2024-08-01 01:31:40,ETHUSDT,ask,3310,3348.021
2024-08-01 01:31:40,ETHUSDT,ask,3310,3347.601
2024-08-01 01:31:40,ETHUSDT,ask,3310,3347.496
2024-08-01 01:31:41,ETHUSDT,ask,3310,3369.712
2024-08-01 01:31:41,ETHUSDT,ask,3310,3266.168
2024-08-01 01:31:42,ETHUSDT,ask,3310,3264.615
2024-08-01 01:31:42,ETHUSDT,ask,3310,3241.977
2024-08-01 01:31:42,ETHUSDT,ask,3310,3241.945
2024-08-01 01:31:43,ETHUSDT,ask,3310,3241.945
2024-08-01 01:31:43,ETHUSDT,ask,3310,3255.95
2024-08-01 01:31:43,ETHUSDT,ask,3310,3254.446
2024-08-01 01:31:43,ETHUSDT,ask,3310,3254.434
2024-08-01 01:31:43,ETHUSDT,ask,3310,3254.434
2024-08-01 01:31:44,ETHUSDT,ask,3310,3254.434
2024-08-01 01:31:44,ETHUSDT,ask,3310,3262.782
2024-08-01 01:31:44,ETHUSDT,ask,3310,3262.782
2024-08-01 01:31:45,ETHUSDT,ask,3310,3262.782
2024-08-01 01:31:45,ETHUSDT,bid,3100,3310.382
2024-08-01 01:31:45,ETHUSDT,ask,3310,3262.782
2024-08-01 01:31:45,ETHUSDT,ask,3310,3241.668
2024-08-01 01:31:45,ETHUSDT,ask,3310,3241.687
2024-08-01 01:31:45,ETHUSDT,ask,3310,3241.668
2024-08-01 01:31:45,ETHUSDT,ask,3310,3243.184
2024-08-01 01:31:45,ETHUSDT,ask,3310,3241.668
2024-08-01 01:31:46,ETHUSDT,ask,3310,3241.668
2024-08-01 01:31:47,ETHUSDT,ask,3310,3226.597
2024-08-01 01:31:48,ETHUSDT,ask,3310,3145.061
2024-08-01 01:31:48,ETHUSDT,ask,3310,3163.591
2024-08-01 01:31:48,ETHUSDT,ask,3310,3087.066
2024-08-01 01:31:49,ETHUSDT,ask,3310,3105.501
2024-08-01 01:31:49,ETHUSDT,ask,3310,3086.959
2024-08-01 01:31:49,ETHUSDT,bid,3220,3337.483
2024-08-01 01:31:50,ETHUSDT,ask,3310,3086.959
2024-08-01 01:31:50,ETHUSDT,ask,3310,3057.796
2024-08-01 01:31:51,ETHUSDT,ask,3310,3053.26
2024-08-01 01:31:51,ETHUSDT,ask,3310,3085.889
2024-08-01 01:31:51,ETHUSDT,ask,3310,3090.415
2024-08-01 01:31:51,ETHUSDT,ask,3310,3085.879
2024-08-01 01:31:52,ETHUSDT,ask,3310,3085.889
2024-08-01 01:31:52,ETHUSDT,ask,3310,3085.879
2024-08-01 01:31:52,ETHUSDT,ask,3310,3085.889
2024-08-01 01:31:52,ETHUSDT,ask,3310,3126.584
2024-08-01 01:31:52,ETHUSDT,ask,3310,3126.372
2024-08-01 01:31:54,ETHUSDT,ask,3310,3095.424
2024-08-01 01:31:54,ETHUSDT,ask,3310,3058.246
2024-08-01 01:31:55,ETHUSDT,ask,3310,3019.954
2024-08-01 01:31:59,ETHUSDT,bid,3220,3336.483
2024-08-01 01:32:11,ETHUSDT,bid,3220,3133.93
2024-08-01 01:32:14,ETHUSDT,bid,3220,3339.483
2024-08-01 01:32:17,ETHUSDT,bid,3100,3310.181
2024-08-01 01:32:30,ETHUSDT,bid,3220,3133.775
2024-08-01 01:32:36,ETHUSDT,bid,3220,3344.483
2024-08-01 01:32:40,ETHUSDT,ask,3310,3070.948
2024-08-01 01:32:40,ETHUSDT,ask,3310,3070.905
2024-08-01 01:32:41,ETHUSDT,ask,3310,3108.171
2024-08-01 01:32:41,ETHUSDT,ask,3310,3070.913
2024-08-01 01:32:42,ETHUSDT,ask,3320,3348.117
2024-08-01 01:32:43,ETHUSDT,ask,3320,3510.723
2024-08-01 01:32:44,ETHUSDT,ask,3320,3510.73
2024-08-01 01:32:44,ETHUSDT,ask,3320,3663.438
2024-08-01 01:32:45,ETHUSDT,ask,3320,3663.481
2024-08-01 01:32:45,ETHUSDT,ask,3320,3810.737
2024-08-01 01:32:45,ETHUSDT,ask,3320,3810.459
2024-08-01 01:32:47,ETHUSDT,ask,3320,3970.22
2024-08-01 01:32:47,ETHUSDT,ask,3320,4079.904
2024-08-01 01:32:48,ETHUSDT,ask,3320,4092.398
2024-08-01 01:32:49,ETHUSDT,ask,3320,4237.906
2024-08-01 01:32:49,ETHUSDT,ask,3320,4238.366
2024-08-01 01:32:50,ETHUSDT,ask,3320,4259.695
2024-08-01 01:32:52,ETHUSDT,ask,3320,4275.272
2024-08-01 01:32:52,ETHUSDT,ask,3320,4290.985
2024-08-01 01:32:52,ETHUSDT,ask,3320,4275.148
2024-08-01 01:32:53,ETHUSDT,ask,3320,4157.585
2024-08-01 01:32:53,ETHUSDT,ask,3320,4157.608
2024-08-01 01:32:54,ETHUSDT,ask,3320,4085.993
2024-08-01 01:32:54,ETHUSDT,ask,3320,4086.175
2024-08-01 01:32:55,ETHUSDT,ask,3320,4085.993
2024-08-01 01:32:55,ETHUSDT,ask,3320,4036.139
2024-08-01 01:32:55,ETHUSDT,ask,3320,4036.139
2024-08-01 01:32:56,ETHUSDT,ask,3320,3931.454
2024-08-01 01:32:56,ETHUSDT,ask,3320,3931.476
2024-08-01 01:32:57,ETHUSDT,ask,3320,3859.035
2024-08-01 01:32:58,ETHUSDT,ask,3320,3858.317
2024-08-01 01:32:58,ETHUSDT,ask,3320,3858.402
2024-08-01 01:32:58,ETHUSDT,ask,3320,3859.843
2024-08-01 01:32:59,ETHUSDT,ask,3320,3803.927
2024-08-01 01:32:59,ETHUSDT,ask,3320,3804.056
2024-08-01 01:32:59,ETHUSDT,ask,3320,3804.095
2024-08-01 01:32:59,ETHUSDT,ask,3320,3811.968
2024-08-01 01:33:00,ETHUSDT,ask,3320,3803.927
2024-08-01 01:33:00,ETHUSDT,ask,3320,3810.478
2024-08-01 01:33:01,ETHUSDT,ask,3320,3762.841
2024-08-01 01:33:02,ETHUSDT,ask,3320,3762.485
2024-08-01 01:33:02,ETHUSDT,ask,3320,3762.841
2024-08-01 01:33:03,ETHUSDT,ask,3320,3807.286
2024-08-01 01:33:03,ETHUSDT,ask,3320,3919.885
2024-08-01 01:33:04,ETHUSDT,ask,3320,3873.522
2024-08-01 01:33:04,ETHUSDT,ask,3320,3874.054
2024-08-01 01:33:05,ETHUSDT,ask,3320,3937.381
2024-08-01 01:33:05,ETHUSDT,ask,3320,3938.099
2024-08-01 01:33:06,ETHUSDT,ask,3320,4065.918
2024-08-01 01:33:06,ETHUSDT,ask,3320,4065.865
2024-08-01 01:33:07,ETHUSDT,ask,3320,4196.406
2024-08-01 01:33:07,ETHUSDT,ask,3320,4196.324
2024-08-01 01:33:08,ETHUSDT,ask,3320,4286.231
2024-08-01 01:33:08,ETHUSDT,ask,3320,4281.962
2024-08-01 01:33:09,ETHUSDT,ask,3320,4281.855
2024-08-01 01:33:10,ETHUSDT,ask,3310,4226.637
2024-08-01 01:33:10,ETHUSDT,ask,3320,4174.143
2024-08-01 01:33:10,ETHUSDT,ask,3310,4175.726
2024-08-01 01:33:10,ETHUSDT,ask,3310,4174.143
2024-08-01 01:33:10,ETHUSDT,ask,3310,4174.241
2024-08-01 01:33:11,ETHUSDT,ask,3320,4196.379
2024-08-01 01:33:11,ETHUSDT,ask,3320,4196.386
2024-08-01 01:33:12,ETHUSDT,ask,3320,4196.379
2024-08-01 01:33:12,ETHUSDT,ask,3320,4243.157
2024-08-01 01:33:13,ETHUSDT,ask,3320,4297.855
2024-08-01 01:33:13,ETHUSDT,ask,3320,4298.024
2024-08-01 01:33:14,ETHUSDT,ask,3320,4298.004
2024-08-01 01:33:14,ETHUSDT,ask,3320,4326.698
2024-08-01 01:33:14,ETHUSDT,ask,3320,4249.303
2024-08-01 01:33:14,ETHUSDT,bid,3100,3310.382
2024-08-01 01:33:15,ETHUSDT,ask,3320,4249.99
2024-08-01 01:33:15,ETHUSDT,ask,3320,4249.529
2024-08-01 01:33:16,ETHUSDT,ask,3320,4194.24
2024-08-01 01:33:16,ETHUSDT,ask,3320,4194.271
2024-08-01 01:33:16,ETHUSDT,ask,3320,4194.459
2024-08-01 01:33:16,ETHUSDT,ask,3320,4063.38
2024-08-01 01:33:16,ETHUSDT,ask,3320,4062.825
2024-08-01 01:33:16,ETHUSDT,ask,3320,4062.825
2024-08-01 01:33:16,ETHUSDT,ask,3320,4062.825
2024-08-01 01:33:16,ETHUSDT,ask,3320,4063.024
2024-08-01 01:33:17,ETHUSDT,ask,3320,3983.331
2024-08-01 01:33:17,ETHUSDT,ask,3320,3980.878
2024-08-01 01:33:17,ETHUSDT,ask,3310,3980.878
2024-08-01 01:33:18,ETHUSDT,ask,3310,3985.266
2024-08-01 01:33:18,ETHUSDT,ask,3310,3891.48
2024-08-01 01:33:18,ETHUSDT,ask,3310,3891.504
2024-08-01 01:33:19,ETHUSDT,ask,3320,3912.265
2024-08-01 01:33:19,ETHUSDT,ask,3320,3912.265
2024-08-01 01:33:20,ETHUSDT,ask,3310,3919.445
2024-08-01 01:33:20,ETHUSDT,ask,3320,3912.265
2024-08-01 01:33:20,ETHUSDT,ask,3320,3944.579
2024-08-01 01:33:21,ETHUSDT,ask,3320,3947.609
2024-08-01 01:33:21,ETHUSDT,ask,3320,3944.579
2024-08-01 01:33:23,ETHUSDT,ask,3310,4056.496
2024-08-01 01:33:24,ETHUSDT,ask,3310,4063.589
2024-08-01 01:33:24,ETHUSDT,ask,3310,4134.936
2024-08-01 01:33:24,ETHUSDT,ask,3310,4128.9
2024-08-01 01:33:24,ETHUSDT,ask,3310,4132.576
2024-08-01 01:33:25,ETHUSDT,ask,3310,4129.099
2024-08-01 01:33:25,ETHUSDT,ask,3310,4128.908
2024-08-01 01:33:25,ETHUSDT,ask,3310,4031.237
2024-08-01 01:33:25,ETHUSDT,ask,3310,4031.237
2024-08-01 01:33:25,ETHUSDT,ask,3310,4031.237
2024-08-01 01:33:25,ETHUSDT,ask,3310,4031.237
2024-08-01 01:33:25,ETHUSDT,ask,3310,4031.281
2024-08-01 01:33:26,ETHUSDT,ask,3310,4031.308
2024-08-01 01:33:26,ETHUSDT,ask,3310,3996.936
2024-08-01 01:33:26,ETHUSDT,ask,3310,3996.622
2024-08-01 01:33:27,ETHUSDT,ask,3310,3928.162
2024-08-01 01:33:27,ETHUSDT,ask,3310,3928.849
2024-08-01 01:33:27,ETHUSDT,ask,3310,3928.162
2024-08-01 01:33:28,ETHUSDT,ask,3310,3928.849
2024-08-01 01:33:28,ETHUSDT,ask,3310,3928.169
2024-08-01 01:33:28,ETHUSDT,ask,3310,3846.415
2024-08-01 01:33:29,ETHUSDT,ask,3310,3725.049
2024-08-01 01:33:29,ETHUSDT,ask,3310,3725.788
2024-08-01 01:33:30,ETHUSDT,ask,3310,3559.948
2024-08-01 01:33:30,ETHUSDT,ask,3310,3560.04
2024-08-01 01:33:33,ETHUSDT,ask,3310,3196.97
2024-08-01 01:33:42,ETHUSDT,ask,3310,3376.363
2024-08-01 01:33:42,ETHUSDT,ask,3310,3087.377
2024-08-01 01:33:44,ETHUSDT,ask,3310,3165.481
2024-08-01 01:33:44,ETHUSDT,ask,3310,3171.424
2024-08-01 01:33:44,ETHUSDT,ask,3310,3199.328
2024-08-01 01:33:45,ETHUSDT,ask,3310,3243.551
2024-08-01 01:33:45,ETHUSDT,ask,3310,3243.551
2024-08-01 01:33:45,ETHUSDT,ask,3310,3243.551
2024-08-01 01:33:45,ETHUSDT,ask,3310,3243.611
2024-08-01 01:33:46,ETHUSDT,ask,3310,3243.611
2024-08-01 01:33:46,ETHUSDT,ask,3310,3171.875
2024-08-01 01:33:48,ETHUSDT,ask,3310,3373.767
2024-08-01 01:33:48,ETHUSDT,ask,3310,3426.836
2024-08-01 01:33:48,ETHUSDT,ask,3310,3433.993
2024-08-01 01:33:49,ETHUSDT,ask,3310,3428.355
2024-08-01 01:33:49,ETHUSDT,ask,3310,3395.534
2024-08-01 01:33:49,ETHUSDT,ask,3310,3401.564
2024-08-01 01:33:50,ETHUSDT,ask,3310,3412.369
2024-08-01 01:33:50,ETHUSDT,ask,3310,3411.57
2024-08-01 01:33:51,ETHUSDT,ask,3310,3319.151
2024-08-01 01:33:51,ETHUSDT,ask,3310,3320.704
2024-08-01 01:33:52,ETHUSDT,ask,3310,3088.14
2024-08-01 01:33:53,ETHUSDT,ask,3310,3086.531
2024-08-01 01:33:53,ETHUSDT,ask,3310,3086.521
2024-08-01 01:34:01,ETHUSDT,bid,3160,3838.24
2024-08-01 01:34:01,ETHUSDT,bid,3160,3934.604
2024-08-01 01:34:01,ETHUSDT,bid,3160,3958.94
2024-08-01 01:34:01,ETHUSDT,bid,3160,3962.036
2024-08-01 01:34:03,ETHUSDT,bid,3220,3130.775
2024-08-01 01:34:53,ETHUSDT,ask,3310,3128.55
2024-08-01 01:34:53,ETHUSDT,bid,3100,3309.382
2024-08-01 01:34:53,ETHUSDT,ask,3310,3128.609
2024-08-01 01:34:55,ETHUSDT,ask,3310,3492.871
2024-08-01 01:34:56,ETHUSDT,ask,3310,3492.886
2024-08-01 01:34:56,ETHUSDT,ask,3310,3709.929
2024-08-01 01:34:58,ETHUSDT,ask,3310,3882.956
2024-08-01 01:34:58,ETHUSDT,ask,3310,4006.023
2024-08-01 01:34:58,ETHUSDT,ask,3310,4006.04
2024-08-01 01:34:58,ETHUSDT,ask,3310,4006.016
2024-08-01 01:34:58,ETHUSDT,ask,3310,4006.016
2024-08-01 01:34:58,ETHUSDT,ask,3310,4006.016
2024-08-01 01:34:59,ETHUSDT,ask,3310,4006.028
2024-08-01 01:34:59,ETHUSDT,ask,3310,4006.026
2024-08-01 01:34:59,ETHUSDT,ask,3310,4006.016
2024-08-01 01:34:59,ETHUSDT,ask,3310,4147.937
2024-08-01 01:34:59,ETHUSDT,ask,3310,4147.945
2024-08-01 01:34:59,ETHUSDT,ask,3310,4147.93
2024-08-01 01:34:59,ETHUSDT,ask,3310,4147.941
2024-08-01 01:35:00,ETHUSDT,bid,3160,3929.761
2024-08-01 01:35:00,ETHUSDT,bid,3160,3854.502
2024-08-01 01:35:00,ETHUSDT,bid,3160,3830.166
2024-08-01 01:35:00,ETHUSDT,bid,3160,3799.671
2024-08-01 01:35:00,ETHUSDT,bid,3160,3791.192
2024-08-01 01:35:00,ETHUSDT,bid,3160,3788.096
2024-08-01 01:35:01,ETHUSDT,ask,3310,4125.657
2024-08-01 01:35:01,ETHUSDT,ask,3310,4125.671
2024-08-01 01:35:01,ETHUSDT,ask,3310,4144.199
2024-08-01 01:35:03,ETHUSDT,ask,3310,4055.418
2024-08-01 01:35:03,ETHUSDT,ask,3310,4055.272
2024-08-01 01:35:03,ETHUSDT,ask,3310,4010.035
2024-08-01 01:35:04,ETHUSDT,ask,3310,4090.608
2024-08-01 01:35:04,ETHUSDT,ask,3310,4090.601
2024-08-01 01:35:04,ETHUSDT,ask,3310,4090.601
2024-08-01 01:35:05,ETHUSDT,ask,3310,4090.668
2024-08-01 01:35:05,ETHUSDT,ask,3310,4076.07
2024-08-01 01:35:05,ETHUSDT,ask,3310,4075.965
2024-08-01 01:35:05,ETHUSDT,ask,3310,4076.02
2024-08-01 01:35:05,ETHUSDT,ask,3310,4075.99
2024-08-01 01:35:05,ETHUSDT,ask,3310,4075.965
2024-08-01 01:35:06,ETHUSDT,ask,3310,4076.008
2024-08-01 01:35:06,ETHUSDT,ask,3310,4090.997
2024-08-01 01:35:06,ETHUSDT,ask,3310,4075.965
2024-08-01 01:35:06,ETHUSDT,ask,3310,4076.017
2024-08-01 01:35:06,ETHUSDT,ask,3310,4076.052
2024-08-01 01:35:06,ETHUSDT,ask,3310,4076.032
2024-08-01 01:35:06,ETHUSDT,ask,3310,4076.028
2024-08-01 01:35:06,ETHUSDT,ask,3310,4076.181
2024-08-01 01:35:07,ETHUSDT,ask,3310,4076.165
2024-08-01 01:35:07,ETHUSDT,ask,3310,4092.545
2024-08-01 01:35:07,ETHUSDT,ask,3310,4092.545
2024-08-01 01:35:08,ETHUSDT,ask,3310,3898.674
2024-08-01 01:35:08,ETHUSDT,ask,3310,3898.703
2024-08-01 01:35:08,ETHUSDT,ask,3310,3899.134
2024-08-01 01:35:09,ETHUSDT,ask,3310,3898.703
2024-08-01 01:35:09,ETHUSDT,ask,3310,3898.711
2024-08-01 01:35:11,ETHUSDT,ask,3310,3479.83
2024-08-01 01:35:11,ETHUSDT,ask,3310,3479.788
2024-08-01 01:35:12,ETHUSDT,ask,3310,3479.788
2024-08-01 01:35:12,ETHUSDT,ask,3310,3450.154
2024-08-01 01:35:12,ETHUSDT,ask,3310,3450.122
2024-08-01 01:35:12,ETHUSDT,ask,3310,3450.122
2024-08-01 01:35:13,ETHUSDT,ask,3310,3450.165
2024-08-01 01:35:13,ETHUSDT,ask,3310,3383.848
2024-08-01 01:35:13,ETHUSDT,ask,3310,3384.447
2024-08-01 01:35:13,ETHUSDT,ask,3310,3383.999
2024-08-01 01:35:14,ETHUSDT,ask,3310,3118.196
2024-08-01 01:35:14,ETHUSDT,ask,3310,3120.215
2024-08-01 01:35:14,ETHUSDT,ask,3310,3120.215
2024-08-01 01:35:15,ETHUSDT,ask,3310,3118.778
2024-08-01 01:35:59,ETHUSDT,bid,3200,3735.883
2024-08-01 01:36:10,ETHUSDT,bid,3200,3735.857
2024-08-01 01:36:21,ETHUSDT,bid,3100,3311.376
2024-08-01 01:36:53,ETHUSDT,bid,3220,3362.003
2024-08-01 01:37:38,ETHUSDT,bid,3100,3311.965
2024-08-01 01:37:40,ETHUSDT,bid,3100,3306.965
2024-08-01 01:37:40,ETHUSDT,bid,3160,3788.104
2024-08-01 01:37:52,ETHUSDT,bid,3160,3788.104
2024-08-01 01:38:25,ETHUSDT,bid,3100,3286.965
2024-08-01 01:38:39,ETHUSDT,bid,3160,3788.104
2024-08-01 01:38:39,ETHUSDT,bid,3160,3788.515
2024-08-01 01:38:44,ETHUSDT,bid,3160,3788.104
2024-08-01 01:38:50,ETHUSDT,bid,3100,3286.957
2024-08-01 01:39:42,ETHUSDT,ask,3310,3026.539
2024-08-01 01:39:43,ETHUSDT,ask,3310,3062.924
2024-08-01 01:39:43,ETHUSDT,ask,3310,3069.318
2024-08-01 01:39:43,ETHUSDT,ask,3310,3061.843
2024-08-01 01:39:43,ETHUSDT,ask,3310,3061.897
2024-08-01 01:39:44,ETHUSDT,ask,3310,3061.853
2024-08-01 01:39:44,ETHUSDT,ask,3310,3061.893
2024-08-01 01:39:44,ETHUSDT,ask,3310,3064.374
2024-08-01 01:39:44,ETHUSDT,ask,3310,3066.388
2024-08-01 01:39:44,ETHUSDT,ask,3310,3122.156
2024-08-01 01:39:44,ETHUSDT,ask,3310,3122.154
2024-08-01 01:39:44,ETHUSDT,ask,3310,3122.159
2024-08-01 01:39:44,ETHUSDT,ask,3310,3123.228
2024-08-01 01:39:44,ETHUSDT,ask,3310,3124.678
2024-08-01 01:39:45,ETHUSDT,ask,3310,3122.157
2024-08-01 01:39:45,ETHUSDT,ask,3310,3122.447
2024-08-01 01:39:45,ETHUSDT,ask,3310,3122.156
2024-08-01 01:39:45,ETHUSDT,ask,3310,3152.113
2024-08-01 01:39:45,ETHUSDT,ask,3310,3152.036
2024-08-01 01:39:46,ETHUSDT,ask,3310,3152.047
2024-08-01 01:39:46,ETHUSDT,ask,3310,3137.131
2024-08-01 01:39:46,ETHUSDT,ask,3310,3138.272
2024-08-01 01:39:47,ETHUSDT,ask,3310,3137.352
2024-08-01 01:39:47,ETHUSDT,ask,3310,3153.089
2024-08-01 01:39:47,ETHUSDT,ask,3310,3100.109
2024-08-01 01:39:47,ETHUSDT,ask,3310,3115.781
2024-08-01 01:39:48,ETHUSDT,ask,3310,3100.476
2024-08-01 01:39:48,ETHUSDT,ask,3310,3103.073
2024-08-01 01:39:48,ETHUSDT,ask,3310,3041.651
2024-08-01 01:39:48,ETHUSDT,ask,3310,3042.141
2024-08-01 01:39:49,ETHUSDT,ask,3310,3061.927
2024-08-01 01:39:49,ETHUSDT,ask,3310,3062.099
2024-08-01 01:39:49,ETHUSDT,ask,3310,3061.942
2024-08-01 01:39:50,ETHUSDT,ask,3310,3061.927
2024-08-01 01:39:50,ETHUSDT,ask,3310,3061.927
2024-08-01 01:39:50,ETHUSDT,ask,3310,3061.973
2024-08-01 01:40:11,ETHUSDT,bid,3100,3288.95
2024-08-01 01:40:20,ETHUSDT,bid,3200,3735.883
2024-08-01 01:40:22,ETHUSDT,ask,3310,3039.419
2024-08-01 01:40:22,ETHUSDT,ask,3310,3064.813
2024-08-01 01:40:22,ETHUSDT,ask,3310,3064.645
2024-08-01 01:40:22,ETHUSDT,ask,3310,3064.639
2024-08-01 01:40:22,ETHUSDT,ask,3310,3064.65
2024-08-01 01:40:22,ETHUSDT,ask,3310,3064.628
2024-08-01 01:40:23,ETHUSDT,ask,3310,3066.192
2024-08-01 01:40:23,ETHUSDT,ask,3310,3096.872
2024-08-01 01:40:23,ETHUSDT,ask,3310,3122.651
2024-08-01 01:40:24,ETHUSDT,ask,3310,3122.651
2024-08-01 01:40:24,ETHUSDT,ask,3310,3094.01
2024-08-01 01:40:24,ETHUSDT,ask,3310,3100.981
2024-08-01 01:40:25,ETHUSDT,ask,3310,3076.801
2024-08-01 01:40:25,ETHUSDT,ask,3310,3076.801
2024-08-01 01:40:26,ETHUSDT,ask,3310,3059.337
2024-08-01 01:40:26,ETHUSDT,ask,3310,3088.15
2024-08-01 01:40:27,ETHUSDT,ask,3310,3101.0
2024-08-01 01:40:27,ETHUSDT,ask,3310,3099.422
2024-08-01 01:40:27,ETHUSDT,ask,3310,3099.724
2024-08-01 01:40:28,ETHUSDT,ask,3310,3099.432
2024-08-01 01:40:28,ETHUSDT,ask,3310,3100.7
2024-08-01 01:40:28,ETHUSDT,ask,3310,3099.422
2024-08-01 01:40:28,ETHUSDT,ask,3310,3134.419
2024-08-01 01:40:28,ETHUSDT,ask,3310,3135.695
2024-08-01 01:40:28,ETHUSDT,ask,3310,3134.117
2024-08-01 01:40:29,ETHUSDT,ask,3310,3134.117
2024-08-01 01:40:29,ETHUSDT,ask,3310,3134.117
2024-08-01 01:40:29,ETHUSDT,ask,3310,3134.213
2024-08-01 01:40:29,ETHUSDT,ask,3310,3161.388
2024-08-01 01:40:29,ETHUSDT,ask,3310,3161.101
2024-08-01 01:40:29,ETHUSDT,ask,3310,3161.101
2024-08-01 01:40:30,ETHUSDT,ask,3310,3274.175
2024-08-01 01:40:30,ETHUSDT,ask,3310,3161.17
2024-08-01 01:40:30,ETHUSDT,ask,3310,3221.035
2024-08-01 01:40:30,ETHUSDT,ask,3310,3221.01
2024-08-01 01:40:30,ETHUSDT,ask,3310,3221.235
2024-08-01 01:40:31,ETHUSDT,bid,3200,3735.857
2024-08-01 01:40:31,ETHUSDT,ask,3310,3229.61
2024-08-01 01:40:31,ETHUSDT,ask,3310,3210.814
2024-08-01 01:40:31,ETHUSDT,ask,3310,3212.392
2024-08-01 01:40:31,ETHUSDT,ask,3310,3212.032
2024-08-01 01:40:31,ETHUSDT,ask,3310,3210.831
2024-08-01 01:40:32,ETHUSDT,ask,3310,3235.877
2024-08-01 01:40:32,ETHUSDT,ask,3310,3236.133
2024-08-01 01:40:32,ETHUSDT,ask,3310,3235.958
2024-08-01 01:40:33,ETHUSDT,ask,3310,3238.14
2024-08-01 01:40:33,ETHUSDT,ask,3310,3238.145
2024-08-01 01:40:34,ETHUSDT,ask,3310,3238.145
2024-08-01 01:40:34,ETHUSDT,ask,3310,3229.844
2024-08-01 01:40:34,ETHUSDT,ask,3310,3228.777
2024-08-01 01:40:35,ETHUSDT,ask,3310,3228.771
2024-08-01 01:40:36,ETHUSDT,ask,3310,3132.003
2024-08-01 01:40:36,ETHUSDT,ask,3310,3131.973
2024-08-01 01:40:36,ETHUSDT,ask,3310,3109.577
2024-08-01 01:40:37,ETHUSDT,ask,3310,3053.276
2024-08-01 01:40:38,ETHUSDT,ask,3310,3053.202
2024-08-01 01:40:38,ETHUSDT,ask,3310,3163.02
2024-08-01 01:40:38,ETHUSDT,ask,3310,3162.96
2024-08-01 01:40:38,ETHUSDT,ask,3310,3162.96
2024-08-01 01:40:38,ETHUSDT,ask,3310,3163.446
2024-08-01 01:40:39,ETHUSDT,ask,3310,3099.597
2024-08-01 01:40:39,ETHUSDT,ask,3310,3099.485
2024-08-01 01:40:40,ETHUSDT,ask,3310,3099.522
2024-08-01 01:40:40,ETHUSDT,ask,3310,3230.079
2024-08-01 01:40:40,ETHUSDT,ask,3310,3230.146
2024-08-01 01:40:40,ETHUSDT,ask,3310,3230.079
2024-08-01 01:40:40,ETHUSDT,ask,3310,3231.631
2024-08-01 01:40:42,ETHUSDT,ask,3310,3475.741
2024-08-01 01:40:42,ETHUSDT,ask,3310,3475.741
2024-08-01 01:40:42,ETHUSDT,ask,3310,3475.741
2024-08-01 01:40:42,ETHUSDT,ask,3310,3475.751
2024-08-01 01:40:43,ETHUSDT,ask,3310,3475.752
2024-08-01 01:40:43,ETHUSDT,ask,3310,3475.741
2024-08-01 01:40:43,ETHUSDT,ask,3310,3675.469
2024-08-01 01:40:43,ETHUSDT,ask,3310,3675.702
2024-08-01 01:40:43,ETHUSDT,ask,3310,3675.469
2024-08-01 01:40:44,ETHUSDT,ask,3320,3814.572
2024-08-01 01:40:44,ETHUSDT,ask,3310,3814.999
2024-08-01 01:40:45,ETHUSDT,ask,3320,4004.305
2024-08-01 01:40:46,ETHUSDT,ask,3320,4004.305
2024-08-01 01:40:46,ETHUSDT,ask,3320,4083.493
2024-08-01 01:40:46,ETHUSDT,ask,3320,4083.731
2024-08-01 01:40:47,ETHUSDT,ask,3320,4142.988
2024-08-01 01:40:48,ETHUSDT,ask,3320,4042.392
2024-08-01 01:40:48,ETHUSDT,ask,3320,4060.777
2024-08-01 01:40:49,ETHUSDT,ask,3320,4172.337
2024-08-01 01:40:49,ETHUSDT,ask,3320,4171.944
2024-08-01 01:40:49,ETHUSDT,ask,3320,4171.931
2024-08-01 01:40:49,ETHUSDT,ask,3320,4173.965
2024-08-01 01:40:49,ETHUSDT,ask,3320,4171.963
2024-08-01 01:40:49,ETHUSDT,ask,3320,4171.931
2024-08-01 01:40:50,ETHUSDT,ask,3320,4172.02
2024-08-01 01:40:50,ETHUSDT,ask,3320,4105.378
2024-08-01 01:40:50,ETHUSDT,ask,3320,4105.397
2024-08-01 01:40:50,ETHUSDT,ask,3320,4105.452
2024-08-01 01:40:50,ETHUSDT,ask,3320,4105.363
2024-08-01 01:40:51,ETHUSDT,ask,3320,4107.397
2024-08-01 01:40:52,ETHUSDT,ask,3320,4015.326
2024-08-01 01:40:52,ETHUSDT,ask,3320,4015.326
2024-08-01 01:40:52,ETHUSDT,ask,3320,3747.374
2024-08-01 01:40:52,ETHUSDT,ask,3320,3747.829
2024-08-01 01:40:53,ETHUSDT,ask,3320,3747.483
2024-08-01 01:40:53,ETHUSDT,ask,3320,3747.374
2024-08-01 01:40:53,ETHUSDT,ask,3320,3521.43
2024-08-01 01:40:53,ETHUSDT,ask,3320,3521.43
2024-08-01 01:40:53,ETHUSDT,ask,3320,3521.43
2024-08-01 01:40:53,ETHUSDT,ask,3320,3526.378
2024-08-01 01:40:53,ETHUSDT,ask,3320,3521.437
2024-08-01 01:40:54,ETHUSDT,ask,3320,3521.43
2024-08-01 01:40:54,ETHUSDT,ask,3320,3359.92
2024-08-01 01:40:54,ETHUSDT,ask,3320,3358.873
2024-08-01 01:40:54,ETHUSDT,ask,3320,3358.825
2024-08-01 01:40:54,ETHUSDT,ask,3320,3358.92
2024-08-01 01:40:54,ETHUSDT,ask,3320,3358.813
2024-08-01 01:40:55,ETHUSDT,ask,3320,3358.828
2024-08-01 01:40:55,ETHUSDT,ask,3320,3204.088
2024-08-01 01:40:55,ETHUSDT,ask,3320,3204.128
2024-08-01 01:40:56,ETHUSDT,ask,3320,3204.301
2024-08-01 01:40:56,ETHUSDT,ask,3320,3062.383
2024-08-01 01:40:56,ETHUSDT,ask,3320,3062.149
2024-08-01 01:40:56,ETHUSDT,ask,3320,3062.149
2024-08-01 01:40:57,ETHUSDT,ask,3320,3062.149
2024-08-01 01:41:08,ETHUSDT,bid,3100,3288.628
2024-08-01 01:41:31,ETHUSDT,ask,3320,3020.693
2024-08-01 01:41:32,ETHUSDT,ask,3320,3127.699
2024-08-01 01:41:32,ETHUSDT,ask,3320,3127.674
2024-08-01 01:41:33,ETHUSDT,ask,3320,3127.73
2024-08-01 01:41:33,ETHUSDT,ask,3320,3233.447
2024-08-01 01:41:33,ETHUSDT,bid,3100,3287.628
2024-08-01 01:41:34,ETHUSDT,ask,3320,3233.374
2024-08-01 01:41:34,ETHUSDT,ask,3320,3339.95
2024-08-01 01:41:34,ETHUSDT,ask,3320,3839.946
2024-08-01 01:41:34,ETHUSDT,ask,3320,3339.929
2024-08-01 01:41:34,ETHUSDT,ask,3320,3340.065
2024-08-01 01:41:34,ETHUSDT,ask,3320,3339.929
2024-08-01 01:41:34,ETHUSDT,ask,3320,3339.929
2024-08-01 01:41:36,ETHUSDT,ask,3330,3417.367
2024-08-01 01:41:37,ETHUSDT,ask,3320,3417.367
2024-08-01 01:41:37,ETHUSDT,ask,3320,3417.367
2024-08-01 01:41:37,ETHUSDT,ask,3320,3354.751
2024-08-01 01:41:38,ETHUSDT,ask,3320,3353.116
2024-08-01 01:41:38,ETHUSDT,ask,3320,3254.393
2024-08-01 01:41:39,ETHUSDT,ask,3320,3068.346
2024-08-01 01:43:17,ETHUSDT,ask,3320,3084.604
2024-08-01 01:43:17,ETHUSDT,ask,3320,3084.888
2024-08-01 01:43:17,ETHUSDT,ask,3320,3084.721
2024-08-01 01:43:18,ETHUSDT,ask,3320,3084.688
2024-08-01 01:43:18,ETHUSDT,ask,3320,3084.587
2024-08-01 01:43:18,ETHUSDT,ask,3320,3117.768
2024-08-01 01:43:18,ETHUSDT,ask,3320,3117.811
2024-08-01 01:43:18,ETHUSDT,ask,3320,3117.855
2024-08-01 01:43:18,ETHUSDT,ask,3320,3117.784
2024-08-01 01:43:19,ETHUSDT,ask,3320,3133.761
2024-08-01 01:43:19,ETHUSDT,ask,3320,3150.208
2024-08-01 01:43:20,ETHUSDT,ask,3320,3150.509
2024-08-01 01:43:20,ETHUSDT,ask,3320,3150.295
2024-08-01 01:43:20,ETHUSDT,ask,3320,3149.019
2024-08-01 01:43:20,ETHUSDT,ask,3320,3149.012
2024-08-01 01:43:20,ETHUSDT,ask,3320,3149.012
2024-08-01 01:43:20,ETHUSDT,ask,3320,3149.012
2024-08-01 01:43:21,ETHUSDT,ask,3320,3162.895
2024-08-01 01:43:22,ETHUSDT,ask,3320,3162.915
2024-08-01 01:43:22,ETHUSDT,ask,3320,3175.84
2024-08-01 01:43:22,ETHUSDT,ask,3320,3175.84
2024-08-01 01:43:22,ETHUSDT,ask,3320,3175.972
2024-08-01 01:43:22,ETHUSDT,ask,3320,3175.825
2024-08-01 01:43:23,ETHUSDT,ask,3320,3176.119
2024-08-01 01:43:24,ETHUSDT,ask,3320,3097.182
2024-08-01 01:43:24,ETHUSDT,ask,3320,3106.247
2024-08-01 01:43:24,ETHUSDT,ask,3320,3090.596
2024-08-01 01:43:24,ETHUSDT,ask,3320,3090.6
2024-08-01 01:43:24,ETHUSDT,ask,3320,3091.107
2024-08-01 01:43:24,ETHUSDT,bid,3100,3287.293
2024-08-01 01:43:25,ETHUSDT,ask,3320,3090.589
2024-08-01 01:43:25,ETHUSDT,ask,3320,3090.632
2024-08-01 01:43:25,ETHUSDT,ask,3320,3040.617
2024-08-01 01:43:25,ETHUSDT,ask,3320,3040.617
2024-08-01 01:43:25,ETHUSDT,ask,3320,3040.608
2024-08-01 01:43:25,ETHUSDT,ask,3320,3041.528
2024-08-01 01:43:26,ETHUSDT,ask,3320,3056.266
2024-08-01 01:43:26,ETHUSDT,ask,3320,3082.922
2024-08-01 01:43:26,ETHUSDT,ask,3320,3083.037
2024-08-01 01:43:26,ETHUSDT,ask,3320,3082.922
2024-08-01 01:43:27,ETHUSDT,ask,3320,3314.586
2024-08-01 01:43:27,ETHUSDT,ask,3320,3088.577
2024-08-01 01:43:27,ETHUSDT,ask,3320,3088.595
2024-08-01 01:43:27,ETHUSDT,ask,3320,3114.978
2024-08-01 01:43:27,ETHUSDT,ask,3320,3088.624
2024-08-01 01:43:28,ETHUSDT,ask,3320,3088.557
2024-08-01 01:43:28,ETHUSDT,ask,3320,3120.764
2024-08-01 01:43:28,ETHUSDT,ask,3320,3120.764
2024-08-01 01:43:28,ETHUSDT,ask,3320,3104.584
2024-08-01 01:43:28,ETHUSDT,ask,3320,3104.241
2024-08-01 01:43:29,ETHUSDT,ask,3320,3104.077
2024-08-01 01:43:29,ETHUSDT,ask,3320,3104.076
2024-08-01 01:43:29,ETHUSDT,ask,3320,3135.727
2024-08-01 01:43:29,ETHUSDT,ask,3320,3135.593
2024-08-01 01:43:29,ETHUSDT,ask,3320,3142.78
2024-08-01 01:43:29,ETHUSDT,ask,3320,3136.472
2024-08-01 01:43:29,ETHUSDT,ask,3320,3135.797
2024-08-01 01:43:30,ETHUSDT,ask,3320,3135.885
2024-08-01 01:43:30,ETHUSDT,ask,3320,3135.324
2024-08-01 01:43:30,ETHUSDT,ask,3320,3135.654
2024-08-01 01:43:30,ETHUSDT,ask,3320,3135.451
2024-08-01 01:43:31,ETHUSDT,ask,3320,3067.873
2024-08-01 01:43:47,ETHUSDT,bid,3100,3285.3
2024-08-01 01:44:13,ETHUSDT,bid,3100,3285.254
2024-08-01 01:44:22,ETHUSDT,ask,3320,3039.351
2024-08-01 01:44:22,ETHUSDT,ask,3320,3039.429
2024-08-01 01:44:22,ETHUSDT,ask,3320,3039.339
2024-08-01 01:44:23,ETHUSDT,ask,3320,3067.042
2024-08-01 01:44:23,ETHUSDT,ask,3320,3062.506
2024-08-01 01:44:24,ETHUSDT,ask,3320,3051.522
2024-08-01 01:44:25,ETHUSDT,ask,3320,3051.319
2024-08-01 01:44:25,ETHUSDT,ask,3320,3051.327
2024-08-01 01:44:25,ETHUSDT,ask,3320,3018.528
2024-08-01 01:44:25,ETHUSDT,ask,3320,3023.085
2024-08-01 01:44:25,ETHUSDT,ask,3320,3018.549
2024-08-01 01:44:25,ETHUSDT,ask,3320,3018.549
2024-08-01 01:44:25,ETHUSDT,ask,3320,3018.488
2024-08-01 01:44:26,ETHUSDT,ask,3320,3018.528
2024-08-01 01:44:26,ETHUSDT,ask,3320,3018.528
2024-08-01 01:44:26,ETHUSDT,ask,3320,3018.488
2024-08-01 01:44:26,ETHUSDT,ask,3320,3018.528
2024-08-01 01:44:51,ETHUSDT,ask,3320,3056.842
2024-08-01 01:44:59,ETHUSDT,ask,3320,3072.782
2024-08-01 01:45:20,ETHUSDT,bid,3100,3284.254
2024-08-01 01:45:43,ETHUSDT,ask,3320,3200.671
2024-08-01 01:45:46,ETHUSDT,ask,3320,3412.681
2024-08-01 01:45:47,ETHUSDT,ask,3330,3013.746
2024-08-01 01:45:47,ETHUSDT,ask,3320,3013.761
2024-08-01 01:45:47,ETHUSDT,ask,3320,3013.759
2024-08-01 01:45:48,ETHUSDT,ask,3320,3013.759
2024-08-01 01:45:48,ETHUSDT,ask,3330,3042.301
2024-08-01 01:45:48,ETHUSDT,ask,3320,3042.316
2024-08-01 01:45:48,ETHUSDT,ask,3320,3042.337
2024-08-01 01:45:48,ETHUSDT,ask,3320,3042.314
2024-08-01 01:45:48,ETHUSDT,ask,3320,3042.314
2024-08-01 01:45:48,ETHUSDT,ask,3320,3042.314
2024-08-01 01:45:49,ETHUSDT,ask,3320,3042.776
2024-08-01 01:45:49,ETHUSDT,ask,3320,3063.724
2024-08-01 01:45:49,ETHUSDT,ask,3320,3065.356
2024-08-01 01:45:49,ETHUSDT,ask,3320,3063.771
2024-08-01 01:45:51,ETHUSDT,ask,3320,3078.246
2024-08-01 01:45:51,ETHUSDT,ask,3320,3031.011
2024-08-01 01:45:52,ETHUSDT,ask,3320,3029.403
2024-08-01 01:45:52,ETHUSDT,ask,3320,3029.387
2024-08-01 01:45:52,ETHUSDT,ask,3320,3007.652
2024-08-01 01:45:52,ETHUSDT,ask,3320,3007.177
2024-08-01 01:45:53,ETHUSDT,ask,3320,3007.197
2024-08-01 01:45:53,ETHUSDT,ask,3320,3007.645
2024-08-01 01:46:43,ETHUSDT,bid,3300,3061.419
2024-08-01 01:46:43,ETHUSDT,bid,3300,3061.419
2024-08-01 01:46:43,ETHUSDT,bid,3300,3061.619
2024-08-01 01:46:44,ETHUSDT,bid,3300,3061.964
2024-08-01 01:46:44,ETHUSDT,bid,3300,3044.209
2024-08-01 01:46:44,ETHUSDT,bid,3300,3044.209
2024-08-01 01:46:44,ETHUSDT,bid,3300,3048.53
2024-08-01 01:46:44,ETHUSDT,bid,3300,3048.53
2024-08-01 01:46:45,ETHUSDT,bid,3300,3044.209
2024-08-01 01:46:45,ETHUSDT,bid,3300,3074.099
2024-08-01 01:46:45,ETHUSDT,bid,3300,3074.099
2024-08-01 01:46:45,ETHUSDT,bid,3300,3069.518
2024-08-01 01:46:46,ETHUSDT,bid,3300,3069.518
2024-08-01 01:46:46,ETHUSDT,bid,3300,3069.518
2024-08-01 01:46:46,ETHUSDT,bid,3300,3068.927
2024-08-01 01:46:46,ETHUSDT,bid,3300,3068.914
2024-08-01 01:46:47,ETHUSDT,bid,3300,3068.943
2024-08-01 01:46:47,ETHUSDT,bid,3300,3079.637
2024-08-01 01:46:47,ETHUSDT,bid,3300,3080.486
2024-08-01 01:46:47,ETHUSDT,bid,3300,3079.583
2024-08-01 01:46:47,ETHUSDT,bid,3300,3082.554
2024-08-01 01:46:47,ETHUSDT,bid,3300,3079.574
2024-08-01 01:46:48,ETHUSDT,bid,3300,3079.538
2024-08-01 01:46:48,ETHUSDT,bid,3300,3079.668
2024-08-01 01:46:48,ETHUSDT,bid,3300,3056.704
2024-08-01 01:46:48,ETHUSDT,bid,3300,3056.704
2024-08-01 01:46:49,ETHUSDT,bid,3300,3056.765
2024-08-01 01:46:49,ETHUSDT,bid,3300,3056.704
2024-08-01 01:46:49,ETHUSDT,bid,3300,3071.142
2024-08-01 01:46:49,ETHUSDT,bid,3300,3071.081
2024-08-01 01:46:49,ETHUSDT,bid,3300,3071.135
2024-08-01 01:46:50,ETHUSDT,bid,3300,3071.673
2024-08-01 01:46:50,ETHUSDT,bid,3300,3082.949
2024-08-01 01:46:51,ETHUSDT,bid,3300,3082.94
2024-08-01 01:46:51,ETHUSDT,bid,3300,3082.976
2024-08-01 01:46:51,ETHUSDT,bid,3300,3099.487
2024-08-01 01:46:51,ETHUSDT,bid,3300,3099.487
2024-08-01 01:46:51,ETHUSDT,bid,3300,3099.487
2024-08-01 01:46:51,ETHUSDT,bid,3300,3099.525
2024-08-01 01:46:51,ETHUSDT,bid,3300,3099.487
2024-08-01 01:46:52,ETHUSDT,bid,3300,3099.501
2024-08-01 01:46:52,ETHUSDT,bid,3300,3099.496
2024-08-01 01:46:52,ETHUSDT,bid,3300,3039.474
2024-08-01 01:46:52,ETHUSDT,bid,3300,3036.31
2024-08-01 01:46:52,ETHUSDT,bid,3300,3038.339
2024-08-01 01:48:21,ETHUSDT,bid,3100,3282.409
2024-08-01 01:48:25,ETHUSDT,bid,3200,3734.83
2024-08-01 01:50:14,ETHUSDT,bid,3100,3287.409
2024-08-01 01:50:19,ETHUSDT,ask,3320,3034.994
2024-08-01 01:50:22,ETHUSDT,ask,3320,3072.066
2024-08-01 01:50:26,ETHUSDT,ask,3320,3014.078
2024-08-01 01:50:44,ETHUSDT,ask,3320,3211.526
2024-08-01 01:50:44,ETHUSDT,ask,3320,3166.64
2024-08-01 01:50:56,ETHUSDT,ask,3320,3160.953
2024-08-01 01:51:06,ETHUSDT,ask,3320,3161.256
2024-08-01 01:52:12,ETHUSDT,ask,3320,3050.011
2024-08-01 01:52:12,ETHUSDT,ask,3320,3050.022
2024-08-01 01:52:12,ETHUSDT,ask,3320,3050.028
2024-08-01 01:52:13,ETHUSDT,ask,3320,3123.297
2024-08-01 01:52:13,ETHUSDT,ask,3320,3123.297
2024-08-01 01:52:13,ETHUSDT,ask,3320,3123.318
2024-08-01 01:52:13,ETHUSDT,ask,3320,3123.313
2024-08-01 01:52:13,ETHUSDT,ask,3320,3123.313
2024-08-01 01:52:13,ETHUSDT,ask,3320,3123.313
2024-08-01 01:52:14,ETHUSDT,ask,3320,3156.829
2024-08-01 01:52:14,ETHUSDT,ask,3320,3156.867
2024-08-01 01:52:14,ETHUSDT,ask,3320,3156.829
2024-08-01 01:52:14,ETHUSDT,ask,3320,3156.862
2024-08-01 01:52:14,ETHUSDT,ask,3320,3156.862
2024-08-01 01:52:15,ETHUSDT,ask,3320,3156.846
2024-08-01 01:52:15,ETHUSDT,ask,3320,3164.107
2024-08-01 01:52:15,ETHUSDT,ask,3320,3155.046
2024-08-01 01:52:15,ETHUSDT,ask,3320,3155.063
2024-08-01 01:52:15,ETHUSDT,ask,3320,3155.092
2024-08-01 01:52:15,ETHUSDT,ask,3320,3155.063
2024-08-01 01:52:16,ETHUSDT,ask,3320,3155.084
2024-08-01 01:52:16,ETHUSDT,ask,3320,3155.063
2024-08-01 01:52:17,ETHUSDT,ask,3320,3147.212
2024-08-01 01:52:17,ETHUSDT,ask,3320,3107.487
2024-08-01 01:52:18,ETHUSDT,ask,3320,3116.81
2024-08-01 01:52:19,ETHUSDT,ask,3320,3109.794
2024-08-01 01:52:20,ETHUSDT,ask,3320,3095.719
2024-08-01 01:52:20,ETHUSDT,ask,3320,3095.735
2024-08-01 01:52:20,ETHUSDT,ask,3320,3095.735
2024-08-01 01:52:21,ETHUSDT,ask,3320,3064.95
2024-08-01 01:52:21,ETHUSDT,ask,3320,3048.909
2024-08-01 01:52:21,ETHUSDT,ask,3320,3048.903
2024-08-01 01:52:22,ETHUSDT,ask,3320,3048.897
2024-08-01 01:52:22,ETHUSDT,ask,3320,3048.903
2024-08-01 01:52:22,ETHUSDT,ask,3320,3048.889
2024-08-01 01:52:23,ETHUSDT,ask,3320,3301.649
2024-08-01 01:52:47,ETHUSDT,ask,3320,3059.446
2024-08-01 01:52:48,ETHUSDT,ask,3330,3095.45
2024-08-01 01:52:49,ETHUSDT,ask,3330,3095.446
2024-08-01 01:52:49,ETHUSDT,ask,3330,3106.142
2024-08-01 01:52:49,ETHUSDT,ask,3330,3106.142
2024-08-01 01:52:50,ETHUSDT,ask,3330,3068.986
2024-08-01 01:52:50,ETHUSDT,ask,3330,3072.887
2024-08-01 01:52:52,ETHUSDT,ask,3330,3014.945
2024-08-01 01:52:52,ETHUSDT,ask,3330,3024.153
2024-08-01 01:52:52,ETHUSDT,ask,3330,3014.936
2024-08-01 01:52:52,ETHUSDT,ask,3330,3014.967
2024-08-01 01:52:53,ETHUSDT,ask,3330,3014.906
2024-08-01 01:52:53,ETHUSDT,ask,3320,3021.955
2024-08-01 01:52:53,ETHUSDT,ask,3320,3022.424
2024-08-01 01:52:54,ETHUSDT,ask,3320,3022.181
2024-08-01 01:52:56,ETHUSDT,ask,3330,3048.302
2024-08-01 01:52:56,ETHUSDT,ask,3330,3032.509
2024-08-01 01:52:56,ETHUSDT,ask,3330,3048.302
2024-08-01 01:52:57,ETHUSDT,ask,3320,3032.978
2024-08-01 01:52:59,ETHUSDT,ask,3320,3126.665
2024-08-01 01:53:11,ETHUSDT,ask,3330,3128.809
2024-08-01 01:53:11,ETHUSDT,ask,3330,3012.42
2024-08-01 01:53:11,ETHUSDT,ask,3330,3005.233
2024-08-01 01:53:12,ETHUSDT,ask,3330,3025.794
2024-08-01 01:53:13,ETHUSDT,ask,3330,3022.721
2024-08-01 01:53:13,ETHUSDT,ask,3320,3022.731
2024-08-01 01:53:14,ETHUSDT,ask,3330,3127.456
2024-08-01 01:53:14,ETHUSDT,ask,3330,3127.521
2024-08-01 01:53:14,ETHUSDT,ask,3330,3127.452
2024-08-01 01:53:14,ETHUSDT,ask,3330,3127.452
2024-08-01 01:53:15,ETHUSDT,ask,3330,3127.638
2024-08-01 01:53:15,ETHUSDT,ask,3330,3127.432
2024-08-01 01:53:15,ETHUSDT,ask,3330,3225.225
2024-08-01 01:53:15,ETHUSDT,ask,3330,3225.325
2024-08-01 01:53:17,ETHUSDT,ask,3330,3326.204
2024-08-01 01:53:17,ETHUSDT,ask,3320,3326.656
2024-08-01 01:53:17,ETHUSDT,ask,3320,3203.848
2024-08-01 01:53:18,ETHUSDT,ask,3330,3081.78
2024-08-01 01:53:18,ETHUSDT,ask,3330,3081.993
2024-08-01 01:53:18,ETHUSDT,ask,3330,3081.789
2024-08-01 01:53:19,ETHUSDT,ask,3330,3081.78
2024-08-01 01:53:20,ETHUSDT,ask,3330,3038.808
2024-08-01 01:53:21,ETHUSDT,ask,3330,3038.701
2024-08-01 01:53:22,ETHUSDT,ask,3330,3039.791
2024-08-01 01:53:22,ETHUSDT,ask,3330,3040.942
2024-08-01 01:53:22,ETHUSDT,ask,3330,3039.816
2024-08-01 01:53:23,ETHUSDT,ask,3330,3039.791
2024-08-01 01:53:23,ETHUSDT,ask,3330,3040.13
2024-08-01 01:53:23,ETHUSDT,ask,3330,3040.942
2024-08-01 01:53:23,ETHUSDT,ask,3330,3061.417
2024-08-01 01:53:23,ETHUSDT,ask,3330,3060.642
2024-08-01 01:53:24,ETHUSDT,ask,3330,3060.705
2024-08-01 01:53:24,ETHUSDT,ask,3330,3060.725
2024-08-01 01:53:24,ETHUSDT,ask,3330,3186.182
2024-08-01 01:53:24,ETHUSDT,ask,3330,3186.162
2024-08-01 01:53:24,ETHUSDT,ask,3330,3205.213
2024-08-01 01:53:24,ETHUSDT,ask,3330,3186.229
2024-08-01 01:53:25,ETHUSDT,ask,3330,3186.306
2024-08-01 01:53:25,ETHUSDT,ask,3330,3186.17
2024-08-01 01:53:25,ETHUSDT,ask,3330,3186.487
2024-08-01 01:53:25,ETHUSDT,ask,3330,3184.143
2024-08-01 01:53:25,ETHUSDT,ask,3330,3177.414
2024-08-01 01:53:26,ETHUSDT,ask,3330,3178.497
2024-08-01 01:53:26,ETHUSDT,ask,3330,3177.363
2024-08-01 01:53:26,ETHUSDT,ask,3330,3177.414
2024-08-01 01:53:26,ETHUSDT,ask,3330,3185.283
2024-08-01 01:53:26,ETHUSDT,ask,3330,3185.531
2024-08-01 01:53:26,ETHUSDT,ask,3330,3186.776
2024-08-01 01:53:27,ETHUSDT,ask,3330,3185.693
2024-08-01 01:53:27,ETHUSDT,ask,3330,3329.758
2024-08-01 01:53:27,ETHUSDT,ask,3330,3329.348
2024-08-01 01:53:28,ETHUSDT,ask,3330,3329.311
2024-08-01 01:53:29,ETHUSDT,ask,3330,3262.637
2024-08-01 01:53:30,ETHUSDT,ask,3320,3278.144
2024-08-01 01:53:30,ETHUSDT,ask,3330,3262.646
2024-08-01 01:53:30,ETHUSDT,ask,3330,3262.74
2024-08-01 01:53:30,ETHUSDT,ask,3330,3157.989
2024-08-01 01:53:30,ETHUSDT,ask,3330,3157.958
2024-08-01 01:53:31,ETHUSDT,ask,3330,3157.958
2024-08-01 01:53:31,ETHUSDT,ask,3330,3218.748
2024-08-01 01:53:31,ETHUSDT,ask,3330,3218.682
2024-08-01 01:53:31,ETHUSDT,ask,3330,3218.682
2024-08-01 01:53:31,ETHUSDT,ask,3330,3218.79
2024-08-01 01:53:31,ETHUSDT,ask,3330,3218.705
2024-08-01 01:53:32,ETHUSDT,ask,3330,3218.888
2024-08-01 01:53:32,ETHUSDT,ask,3330,3147.713
2024-08-01 01:53:32,ETHUSDT,ask,3330,3147.806
2024-08-01 01:53:32,ETHUSDT,ask,3330,3147.713
2024-08-01 01:53:32,ETHUSDT,ask,3330,3147.724
2024-08-01 01:53:33,ETHUSDT,ask,3330,3148.485
2024-08-01 01:53:33,ETHUSDT,ask,3330,3147.746
2024-08-01 01:53:34,ETHUSDT,ask,3330,3234.113
2024-08-01 01:53:34,ETHUSDT,ask,3330,3156.553
2024-08-01 01:53:35,ETHUSDT,ask,3330,3156.573
2024-08-01 01:53:35,ETHUSDT,ask,3330,3156.892
2024-08-01 01:53:35,ETHUSDT,ask,3330,3157.704
2024-08-01 01:53:35,ETHUSDT,ask,3330,3233.265
2024-08-01 01:53:35,ETHUSDT,ask,3330,3155.713
2024-08-01 01:53:35,ETHUSDT,ask,3330,3155.713
2024-08-01 01:53:35,ETHUSDT,ask,3330,3155.813
2024-08-01 01:53:35,ETHUSDT,ask,3330,3155.746
2024-08-01 01:53:36,ETHUSDT,ask,3330,3155.826
2024-08-01 01:53:36,ETHUSDT,ask,3330,3135.041
2024-08-01 01:53:37,ETHUSDT,ask,3330,3135.018
2024-08-01 01:53:37,ETHUSDT,ask,3330,3135.043
2024-08-01 01:53:37,ETHUSDT,ask,3330,3089.202
2024-08-01 01:53:37,ETHUSDT,ask,3330,3089.248
2024-08-01 01:53:39,ETHUSDT,ask,3330,3159.94
2024-08-01 01:53:39,ETHUSDT,ask,3330,3284.721
2024-08-01 01:53:40,ETHUSDT,ask,3330,3390.122
2024-08-01 01:53:41,ETHUSDT,bid,3100,3287.136
2024-08-01 01:53:41,ETHUSDT,ask,3330,3376.884
2024-08-01 01:53:41,ETHUSDT,ask,3330,3376.157
2024-08-01 01:53:42,ETHUSDT,ask,3330,3376.383
2024-08-01 01:53:42,ETHUSDT,ask,3330,3377.697
2024-08-01 01:53:42,ETHUSDT,ask,3330,3424.274
2024-08-01 01:53:43,ETHUSDT,ask,3330,3424.356
2024-08-01 01:53:43,ETHUSDT,ask,3330,3424.384
2024-08-01 01:53:43,ETHUSDT,ask,3330,3424.3
2024-08-01 01:53:43,ETHUSDT,ask,3330,3444.186
2024-08-01 01:53:43,ETHUSDT,ask,3330,3377.521
2024-08-01 01:53:43,ETHUSDT,ask,3330,3377.521
2024-08-01 01:53:44,ETHUSDT,ask,3330,3397.433
2024-08-01 01:53:45,ETHUSDT,bid,3100,3285.136
2024-08-01 01:53:45,ETHUSDT,ask,3330,3370.157
2024-08-01 01:53:45,ETHUSDT,ask,3330,3368.636
2024-08-01 01:53:45,ETHUSDT,ask,3330,3368.862
2024-08-01 01:53:45,ETHUSDT,ask,3330,3368.636
2024-08-01 01:53:46,ETHUSDT,ask,3330,3368.672
2024-08-01 01:53:46,ETHUSDT,ask,3330,3385.911
2024-08-01 01:53:47,ETHUSDT,ask,3330,3443.176
2024-08-01 01:53:47,ETHUSDT,ask,3330,3443.092
2024-08-01 01:53:48,ETHUSDT,ask,3330,3442.709
2024-08-01 01:53:48,ETHUSDT,bid,3100,3270.136
2024-08-01 01:53:48,ETHUSDT,ask,3330,3468.345
2024-08-01 01:53:49,ETHUSDT,bid,3200,3734.822
2024-08-01 01:53:49,ETHUSDT,ask,3330,3445.306
2024-08-01 01:53:49,ETHUSDT,ask,3330,3445.112
2024-08-01 01:53:49,ETHUSDT,ask,3330,3445.162
2024-08-01 01:53:49,ETHUSDT,ask,3330,3445.112
2024-08-01 01:53:49,ETHUSDT,ask,3330,3445.13
2024-08-01 01:53:50,ETHUSDT,ask,3330,3445.112
2024-08-01 01:53:50,ETHUSDT,ask,3330,3445.13
2024-08-01 01:53:51,ETHUSDT,ask,3330,3369.383
2024-08-01 01:53:51,ETHUSDT,ask,3330,3368.572
2024-08-01 01:53:51,ETHUSDT,ask,3330,3368.503
2024-08-01 01:53:51,ETHUSDT,ask,3330,3368.707
2024-08-01 01:53:51,ETHUSDT,ask,3330,3368.551
2024-08-01 01:53:52,ETHUSDT,ask,3330,3368.551
2024-08-01 01:53:52,ETHUSDT,ask,3330,3368.551
2024-08-01 01:53:52,ETHUSDT,ask,3330,3310.757
2024-08-01 01:53:52,ETHUSDT,ask,3330,3310.757
2024-08-01 01:53:53,ETHUSDT,ask,3330,3310.87
2024-08-01 01:53:53,ETHUSDT,ask,3330,3310.818
2024-08-01 01:53:53,ETHUSDT,ask,3330,3310.768
2024-08-01 01:53:53,ETHUSDT,ask,3330,3293.543
2024-08-01 01:53:53,ETHUSDT,ask,3330,3293.368
2024-08-01 01:53:54,ETHUSDT,ask,3330,3263.356
2024-08-01 01:53:54,ETHUSDT,ask,3330,3279.21
2024-08-01 01:53:54,ETHUSDT,ask,3330,3263.253
2024-08-01 01:53:55,ETHUSDT,ask,3330,3263.356
2024-08-01 01:53:55,ETHUSDT,ask,3330,3166.236
2024-08-01 01:53:55,ETHUSDT,ask,3330,3166.158
2024-08-01 01:53:56,ETHUSDT,ask,3330,3166.115
2024-08-01 01:53:58,ETHUSDT,ask,3330,3021.537
2024-08-01 01:54:17,ETHUSDT,ask,3330,3070.924
2024-08-01 01:54:25,ETHUSDT,ask,3330,3068.993
2024-08-01 01:54:25,ETHUSDT,ask,3330,3092.743
2024-08-01 01:55:53,ETHUSDT,bid,3100,3271.877
2024-08-01 01:55:58,ETHUSDT,bid,3100,3272.595
2024-08-01 01:56:43,ETHUSDT,ask,3320,3036.208
2024-08-01 01:56:45,ETHUSDT,bid,3200,3741.07
2024-08-01 01:56:49,ETHUSDT,bid,3100,3274.05
2024-08-01 02:00:00,ETHUSDT,ask,3330,3062.379
2024-08-01 02:00:01,ETHUSDT,ask,3330,3247.46
2024-08-01 02:00:01,ETHUSDT,ask,3330,3265.536
2024-08-01 02:00:01,ETHUSDT,ask,3330,3247.391
2024-08-01 02:00:01,ETHUSDT,ask,3330,3247.92
2024-08-01 02:00:02,ETHUSDT,ask,3330,3404.253
2024-08-01 02:00:02,ETHUSDT,ask,3330,3404.234
2024-08-01 02:00:02,ETHUSDT,ask,3330,3404.192
2024-08-01 02:00:02,ETHUSDT,ask,3330,3404.509
2024-08-01 02:00:02,ETHUSDT,ask,3330,3404.196
2024-08-01 02:00:03,ETHUSDT,ask,3330,3404.225
2024-08-01 02:00:03,ETHUSDT,bid,3100,3272.05
2024-08-01 02:00:03,ETHUSDT,ask,3330,3554.456
2024-08-01 02:00:05,ETHUSDT,ask,3330,3679.382
2024-08-01 02:00:05,ETHUSDT,ask,3330,3675.138
2024-08-01 02:00:05,ETHUSDT,ask,3330,3722.601
2024-08-01 02:00:05,ETHUSDT,ask,3330,3722.626
2024-08-01 02:00:05,ETHUSDT,ask,3330,3722.615
2024-08-01 02:00:06,ETHUSDT,ask,3330,3722.601
2024-08-01 02:00:06,ETHUSDT,ask,3330,3722.608
2024-08-01 02:00:06,ETHUSDT,ask,3330,3834.247
2024-08-01 02:00:06,ETHUSDT,ask,3330,3834.233
2024-08-01 02:00:07,ETHUSDT,ask,3330,3840.023
2024-08-01 02:00:07,ETHUSDT,ask,3330,3924.879
2024-08-01 02:00:07,ETHUSDT,ask,3330,3924.79
2024-08-01 02:00:08,ETHUSDT,ask,3330,4004.481
2024-08-01 02:00:08,ETHUSDT,ask,3330,4004.509
2024-08-01 02:00:09,ETHUSDT,ask,3330,4004.974
2024-08-01 02:00:09,ETHUSDT,ask,3330,4004.977
2024-08-01 02:00:09,ETHUSDT,ask,3330,4004.785
2024-08-01 02:00:09,ETHUSDT,ask,3330,3937.243
2024-08-01 02:00:10,ETHUSDT,ask,3330,3894.758
2024-08-01 02:00:10,ETHUSDT,ask,3330,3895.477
2024-08-01 02:00:10,ETHUSDT,ask,3330,3894.75
2024-08-01 02:00:11,ETHUSDT,ask,3330,3926.413
2024-08-01 02:00:11,ETHUSDT,ask,3330,3926.413
2024-08-01 02:00:11,ETHUSDT,ask,3330,3889.039
2024-08-01 02:00:11,ETHUSDT,ask,3330,3888.758
2024-08-01 02:00:11,ETHUSDT,ask,3330,3889.078
2024-08-01 02:00:11,ETHUSDT,ask,3330,3888.773
2024-08-01 02:00:12,ETHUSDT,ask,3330,3888.758
2024-08-01 02:00:12,ETHUSDT,ask,3330,3867.554
2024-08-01 02:00:12,ETHUSDT,ask,3330,3867.094
2024-08-01 02:00:12,ETHUSDT,ask,3330,3867.094
2024-08-01 02:00:12,ETHUSDT,ask,3330,3867.457
2024-08-01 02:00:13,ETHUSDT,ask,3330,3867.094
2024-08-01 02:00:13,ETHUSDT,ask,3330,3892.313
2024-08-01 02:00:13,ETHUSDT,ask,3330,3892.354
2024-08-01 02:00:14,ETHUSDT,ask,3330,3882.004
2024-08-01 02:00:14,ETHUSDT,ask,3330,3881.922
2024-08-01 02:00:15,ETHUSDT,ask,3330,3934.964
2024-08-01 02:00:15,ETHUSDT,ask,3330,3935.802
2024-08-01 02:00:15,ETHUSDT,ask,3330,3934.551
2024-08-01 02:00:15,ETHUSDT,ask,3330,3934.435
2024-08-01 02:00:16,ETHUSDT,ask,3330,3935.134
2024-08-01 02:00:16,ETHUSDT,ask,3330,3934.547
2024-08-01 02:00:16,ETHUSDT,ask,3330,3874.16
2024-08-01 02:00:16,ETHUSDT,ask,3330,3874.174
2024-08-01 02:00:16,ETHUSDT,ask,3330,3874.16
2024-08-01 02:00:16,ETHUSDT,ask,3330,3874.16
2024-08-01 02:00:17,ETHUSDT,ask,3330,3874.16
2024-08-01 02:00:17,ETHUSDT,ask,3330,3896.57
2024-08-01 02:00:17,ETHUSDT,ask,3330,3896.525
2024-08-01 02:00:18,ETHUSDT,ask,3330,3896.625
2024-08-01 02:00:18,ETHUSDT,ask,3330,3725.682
2024-08-01 02:00:18,ETHUSDT,ask,3320,3725.682
2024-08-01 02:00:18,ETHUSDT,ask,3320,3725.697
2024-08-01 02:00:18,ETHUSDT,ask,3330,3725.712
2024-08-01 02:00:18,ETHUSDT,ask,3320,3725.682
2024-08-01 02:00:19,ETHUSDT,ask,3330,3726.362
2024-08-01 02:00:19,ETHUSDT,ask,3320,3584.471
2024-08-01 02:00:19,ETHUSDT,ask,3320,3584.811
2024-08-01 02:00:20,ETHUSDT,ask,3320,3584.471
2024-08-01 02:00:20,ETHUSDT,ask,3320,3401.984
2024-08-01 02:00:21,ETHUSDT,ask,3330,3214.094
2024-08-01 02:00:22,ETHUSDT,ask,3320,3214.109
2024-08-01 02:00:22,ETHUSDT,ask,3320,3004.803
2024-08-01 02:00:22,ETHUSDT,ask,3320,3005.034
2024-08-01 02:00:23,ETHUSDT,ask,3320,3004.803
2024-08-01 02:00:23,ETHUSDT,ask,3320,3004.803
2024-08-01 02:00:47,ETHUSDT,ask,3330,3098.391
2024-08-01 02:00:47,ETHUSDT,ask,3330,3098.4
2024-08-01 02:00:47,ETHUSDT,ask,3330,3098.391
2024-08-01 02:00:48,ETHUSDT,ask,3330,3319.874
2024-08-01 02:00:48,ETHUSDT,ask,3330,3319.935
2024-08-01 02:00:48,ETHUSDT,ask,3330,3319.881
2024-08-01 02:00:48,ETHUSDT,ask,3330,3319.935
2024-08-01 02:00:48,ETHUSDT,ask,3330,3319.874
2024-08-01 02:00:48,ETHUSDT,ask,3330,3319.874
2024-08-01 02:00:49,ETHUSDT,ask,3330,3319.874
2024-08-01 02:00:49,ETHUSDT,ask,3330,3513.336
2024-08-01 02:00:49,ETHUSDT,ask,3330,3513.329
2024-08-01 02:00:50,ETHUSDT,ask,3330,3513.337
2024-08-01 02:00:50,ETHUSDT,ask,3330,3703.901
2024-08-01 02:00:51,ETHUSDT,ask,3330,3703.808
2024-08-01 02:00:51,ETHUSDT,ask,3330,3806.501
2024-08-01 02:00:51,ETHUSDT,ask,3330,3824.605
2024-08-01 02:00:51,ETHUSDT,ask,3330,3806.536
2024-08-01 02:00:51,ETHUSDT,ask,3330,3806.46
2024-08-01 02:00:52,ETHUSDT,ask,3330,3825.002
2024-08-01 02:00:52,ETHUSDT,ask,3330,3972.611
2024-08-01 02:00:52,ETHUSDT,ask,3330,3973.265
2024-08-01 02:00:52,ETHUSDT,ask,3330,3972.48
2024-08-01 02:00:52,ETHUSDT,ask,3330,3972.611
2024-08-01 02:00:52,ETHUSDT,ask,3330,3991.013
2024-08-01 02:00:53,ETHUSDT,ask,3330,3972.547
2024-08-01 02:00:53,ETHUSDT,ask,3330,4117.12
2024-08-01 02:00:53,ETHUSDT,ask,3330,4117.217
2024-08-01 02:00:53,ETHUSDT,ask,3330,4117.196
2024-08-01 02:00:54,ETHUSDT,ask,3330,4117.127
2024-08-01 02:00:54,ETHUSDT,ask,3330,4117.148
2024-08-01 02:00:54,ETHUSDT,ask,3330,4195.648
2024-08-01 02:00:54,ETHUSDT,ask,3330,4195.334
2024-08-01 02:00:54,ETHUSDT,ask,3330,4195.372
2024-08-01 02:00:54,ETHUSDT,ask,3330,4195.372
2024-08-01 02:00:54,ETHUSDT,ask,3330,4195.843
2024-08-01 02:00:55,ETHUSDT,ask,3330,4195.334
2024-08-01 02:00:55,ETHUSDT,ask,3330,4195.363
2024-08-01 02:00:55,ETHUSDT,ask,3330,4195.362
2024-08-01 02:00:55,ETHUSDT,ask,3330,4314.661
2024-08-01 02:00:55,ETHUSDT,ask,3330,4288.705
2024-08-01 02:00:55,ETHUSDT,ask,3330,4288.702
2024-08-01 02:00:55,ETHUSDT,ask,3330,4288.705
2024-08-01 02:00:55,ETHUSDT,ask,3330,4288.699
2024-08-01 02:00:56,ETHUSDT,ask,3330,4297.924
2024-08-01 02:00:56,ETHUSDT,ask,3330,4288.727
2024-08-01 02:00:56,ETHUSDT,ask,3330,4297.924
2024-08-01 02:00:56,ETHUSDT,ask,3330,4209.026
2024-08-01 02:00:57,ETHUSDT,ask,3330,4218.251
2024-08-01 02:00:57,ETHUSDT,ask,3330,4218.251
2024-08-01 02:00:57,ETHUSDT,ask,3330,4209.464
2024-08-01 02:00:57,ETHUSDT,ask,3330,4162.749
2024-08-01 02:00:57,ETHUSDT,ask,3330,4153.502
2024-08-01 02:00:57,ETHUSDT,ask,3330,4153.502
2024-08-01 02:00:57,ETHUSDT,ask,3330,4162.749
2024-08-01 02:00:57,ETHUSDT,ask,3330,4162.749
2024-08-01 02:00:58,ETHUSDT,ask,3330,4153.962
2024-08-01 02:00:58,ETHUSDT,ask,3330,4162.749
2024-08-01 02:00:58,ETHUSDT,ask,3330,4084.844
2024-08-01 02:00:58,ETHUSDT,ask,3330,4084.412
2024-08-01 02:00:58,ETHUSDT,ask,3330,4102.926
2024-08-01 02:00:59,ETHUSDT,ask,3330,4072.631
2024-08-01 02:00:59,ETHUSDT,ask,3330,4072.598
2024-08-01 02:00:59,ETHUSDT,ask,3330,4072.631
2024-08-01 02:00:59,ETHUSDT,ask,3330,4072.602
2024-08-01 02:00:59,ETHUSDT,ask,3330,4072.59
2024-08-01 02:01:00,ETHUSDT,ask,3330,4072.747
2024-08-01 02:01:01,ETHUSDT,ask,3330,4085.628
2024-08-01 02:01:01,ETHUSDT,ask,3330,4085.661
2024-08-01 02:01:01,ETHUSDT,ask,3330,4085.67
2024-08-01 02:01:01,ETHUSDT,ask,3330,4136.742
2024-08-01 02:01:01,ETHUSDT,ask,3330,4136.781
2024-08-01 02:01:01,ETHUSDT,ask,3330,4136.792
2024-08-01 02:01:02,ETHUSDT,ask,3330,4143.135
2024-08-01 02:01:02,ETHUSDT,ask,3330,4143.157
2024-08-01 02:01:02,ETHUSDT,ask,3330,4143.135
2024-08-01 02:01:02,ETHUSDT,ask,3330,4143.135
2024-08-01 02:01:02,ETHUSDT,ask,3330,4143.135
2024-08-01 02:01:02,ETHUSDT,ask,3330,4143.135
2024-08-01 02:01:03,ETHUSDT,ask,3330,4143.256
2024-08-01 02:01:03,ETHUSDT,ask,3330,4143.135
2024-08-01 02:01:04,ETHUSDT,ask,3330,4155.585
2024-08-01 02:01:04,ETHUSDT,ask,3330,4155.585
2024-08-01 02:01:05,ETHUSDT,ask,3330,4155.516
2024-08-01 02:01:05,ETHUSDT,ask,3330,4156.073
2024-08-01 02:01:05,ETHUSDT,ask,3330,4155.902
2024-08-01 02:01:05,ETHUSDT,ask,3330,4155.74
2024-08-01 02:01:05,ETHUSDT,ask,3330,4155.769
2024-08-01 02:01:05,ETHUSDT,ask,3330,4155.75
2024-08-01 02:01:06,ETHUSDT,ask,3330,4155.74
2024-08-01 02:01:06,ETHUSDT,ask,3330,4155.769
2024-08-01 02:01:06,ETHUSDT,ask,3330,4201.407
2024-08-01 02:01:07,ETHUSDT,ask,3330,4260.221
2024-08-01 02:01:07,ETHUSDT,ask,3330,4260.221
2024-08-01 02:01:08,ETHUSDT,ask,3330,4260.73
2024-08-01 02:01:08,ETHUSDT,ask,3330,4260.266
2024-08-01 02:01:08,ETHUSDT,ask,3330,4260.221
2024-08-01 02:01:09,ETHUSDT,ask,3330,4317.918
2024-08-01 02:01:09,ETHUSDT,ask,3330,4317.906
2024-08-01 02:01:09,ETHUSDT,ask,3330,4332.888
2024-08-01 02:01:10,ETHUSDT,ask,3330,4329.261
2024-08-01 02:01:10,ETHUSDT,ask,3330,4328.704
2024-08-01 02:01:10,ETHUSDT,ask,3330,4328.745
2024-08-01 02:01:10,ETHUSDT,ask,3330,4328.745
2024-08-01 02:01:11,ETHUSDT,ask,3330,4332.946
2024-08-01 02:01:11,ETHUSDT,ask,3330,4332.934
2024-08-01 02:01:11,ETHUSDT,ask,3330,4332.934
2024-08-01 02:01:11,ETHUSDT,ask,3330,4332.934
2024-08-01 02:01:11,ETHUSDT,ask,3330,4332.934
2024-08-01 02:01:11,ETHUSDT,ask,3330,4332.934
2024-08-01 02:01:12,ETHUSDT,ask,3330,4333.173
2024-08-01 02:01:12,ETHUSDT,ask,3330,4332.934
2024-08-01 02:01:12,ETHUSDT,ask,3330,4291.646
2024-08-01 02:01:12,ETHUSDT,ask,3330,4303.252
2024-08-01 02:01:12,ETHUSDT,ask,3330,4291.137
2024-08-01 02:01:12,ETHUSDT,ask,3330,4291.234
2024-08-01 02:01:13,ETHUSDT,ask,3330,4291.149
2024-08-01 02:01:13,ETHUSDT,ask,3330,4282.361
2024-08-01 02:01:13,ETHUSDT,ask,3330,4282.344
2024-08-01 02:01:14,ETHUSDT,ask,3330,4271.302
2024-08-01 02:01:14,ETHUSDT,ask,3330,4271.302
2024-08-01 02:01:14,ETHUSDT,ask,3330,4271.631
2024-08-01 02:01:14,ETHUSDT,ask,3330,4271.28
2024-08-01 02:01:15,ETHUSDT,ask,3330,4271.28
2024-08-01 02:01:15,ETHUSDT,ask,3330,4271.268
2024-08-01 02:01:15,ETHUSDT,ask,3330,4287.045
2024-08-01 02:01:15,ETHUSDT,ask,3330,4313.078
2024-08-01 02:01:15,ETHUSDT,ask,3330,4313.407
2024-08-01 02:01:15,ETHUSDT,ask,3330,4313.078
2024-08-01 02:01:16,ETHUSDT,ask,3330,4313.078
2024-08-01 02:01:16,ETHUSDT,ask,3330,4313.407
2024-08-01 02:01:17,ETHUSDT,ask,3330,4271.501
2024-08-01 02:01:17,ETHUSDT,ask,3330,4270.929
2024-08-01 02:01:18,ETHUSDT,ask,3330,4270.858
2024-08-01 02:01:18,ETHUSDT,ask,3330,4270.816
2024-08-01 02:01:18,ETHUSDT,ask,3330,4253.625
2024-08-01 02:01:18,ETHUSDT,ask,3330,4253.625
2024-08-01 02:01:18,ETHUSDT,ask,3330,4253.625
2024-08-01 02:01:18,ETHUSDT,ask,3330,4253.625
2024-08-01 02:01:18,ETHUSDT,ask,3330,4271.77
2024-08-01 02:01:18,ETHUSDT,ask,3330,4253.625
2024-08-01 02:01:18,ETHUSDT,ask,3330,4253.625
2024-08-01 02:01:19,ETHUSDT,ask,3330,4271.77
2024-08-01 02:01:19,ETHUSDT,ask,3330,4253.625
2024-08-01 02:01:19,ETHUSDT,ask,3330,4253.666
2024-08-01 02:01:19,ETHUSDT,ask,3330,4210.426
2024-08-01 02:01:19,ETHUSDT,ask,3330,4210.426
2024-08-01 02:01:19,ETHUSDT,ask,3330,4210.426
2024-08-01 02:01:20,ETHUSDT,ask,3330,4210.467
2024-08-01 02:01:20,ETHUSDT,ask,3330,4210.467
2024-08-01 02:01:20,ETHUSDT,ask,3330,4212.967
2024-08-01 02:01:20,ETHUSDT,ask,3330,4212.993
2024-08-01 02:01:20,ETHUSDT,ask,3330,4213.005
2024-08-01 02:01:21,ETHUSDT,ask,3330,4213.334
2024-08-01 02:01:21,ETHUSDT,ask,3330,4212.955
2024-08-01 02:01:21,ETHUSDT,ask,3330,4190.409
2024-08-01 02:01:21,ETHUSDT,ask,3330,4190.379
2024-08-01 02:01:21,ETHUSDT,ask,3330,4190.42
2024-08-01 02:01:21,ETHUSDT,ask,3330,4190.42
2024-08-01 02:01:22,ETHUSDT,ask,3330,4146.805
2024-08-01 02:01:22,ETHUSDT,ask,3330,4164.95
2024-08-01 02:01:22,ETHUSDT,ask,3330,4146.805
2024-08-01 02:01:22,ETHUSDT,ask,3330,4146.817
2024-08-01 02:01:22,ETHUSDT,ask,3330,4146.962
2024-08-01 02:01:23,ETHUSDT,ask,3330,4160.569
2024-08-01 02:01:23,ETHUSDT,ask,3330,4160.61
2024-08-01 02:01:23,ETHUSDT,ask,3330,4160.61
2024-08-01 02:01:23,ETHUSDT,ask,3330,4160.597
2024-08-01 02:01:23,ETHUSDT,ask,3330,4160.581
2024-08-01 02:01:23,ETHUSDT,ask,3330,4160.61
2024-08-01 02:01:23,ETHUSDT,ask,3330,4160.569
2024-08-01 02:01:24,ETHUSDT,ask,3330,4160.569
2024-08-01 02:01:24,ETHUSDT,ask,3330,4195.226
2024-08-01 02:01:24,ETHUSDT,ask,3330,4195.243
2024-08-01 02:01:25,ETHUSDT,ask,3330,4195.226
2024-08-01 02:01:25,ETHUSDT,ask,3330,4177.606
2024-08-01 02:01:25,ETHUSDT,ask,3330,4177.606
2024-08-01 02:01:26,ETHUSDT,ask,3330,4234.181
2024-08-01 02:01:26,ETHUSDT,ask,3330,4234.181
2024-08-01 02:01:27,ETHUSDT,ask,3330,4234.186
2024-08-01 02:01:27,ETHUSDT,ask,3330,4234.186
2024-08-01 02:01:27,ETHUSDT,ask,3330,4257.25
2024-08-01 02:01:27,ETHUSDT,ask,3330,4257.19
2024-08-01 02:01:27,ETHUSDT,ask,3330,4257.18
2024-08-01 02:01:27,ETHUSDT,ask,3330,4257.185
2024-08-01 02:01:27,ETHUSDT,ask,3330,4257.185
2024-08-01 02:01:27,ETHUSDT,ask,3330,4257.185
2024-08-01 02:01:28,ETHUSDT,ask,3330,4275.596
2024-08-01 02:01:28,ETHUSDT,ask,3330,4275.717
2024-08-01 02:01:29,ETHUSDT,ask,3330,4260.92
2024-08-01 02:01:29,ETHUSDT,ask,3330,4260.924
2024-08-01 02:01:29,ETHUSDT,ask,3330,4279.057
2024-08-01 02:01:29,ETHUSDT,ask,3330,4260.912
2024-08-01 02:01:29,ETHUSDT,ask,3330,4260.912
2024-08-01 02:01:30,ETHUSDT,ask,3330,4234.144
2024-08-01 02:01:30,ETHUSDT,bid,3160,3788.096
2024-08-01 02:01:30,ETHUSDT,ask,3330,4233.426
2024-08-01 02:01:30,ETHUSDT,ask,3330,4346.147
2024-08-01 02:01:30,ETHUSDT,ask,3330,4233.455
2024-08-01 02:01:30,ETHUSDT,ask,3330,4234.568
2024-08-01 02:01:30,ETHUSDT,ask,3330,4233.417
2024-08-01 02:01:31,ETHUSDT,ask,3330,4233.439
2024-08-01 02:01:31,ETHUSDT,ask,3330,4234.144
2024-08-01 02:01:31,ETHUSDT,ask,3330,4202.544
2024-08-01 02:01:31,ETHUSDT,ask,3330,4315.265
2024-08-01 02:01:31,ETHUSDT,ask,3330,4203.262
2024-08-01 02:01:31,ETHUSDT,ask,3330,4315.265
2024-08-01 02:01:32,ETHUSDT,ask,3330,4202.643
2024-08-01 02:01:32,ETHUSDT,ask,3330,4207.72
2024-08-01 02:01:32,ETHUSDT,ask,3330,4207.72
2024-08-01 02:01:32,ETHUSDT,ask,3330,4207.72
2024-08-01 02:01:32,ETHUSDT,ask,3330,4208.099
2024-08-01 02:01:32,ETHUSDT,ask,3330,4207.72
2024-08-01 02:01:33,ETHUSDT,ask,3330,4207.889
2024-08-01 02:01:33,ETHUSDT,ask,3330,4207.86
2024-08-01 02:01:33,ETHUSDT,ask,3330,4142.743
2024-08-01 02:01:33,ETHUSDT,ask,3330,4142.599
2024-08-01 02:01:33,ETHUSDT,ask,3330,4142.615
2024-08-01 02:01:34,ETHUSDT,ask,3330,4142.64
2024-08-01 02:01:34,ETHUSDT,ask,3330,4142.582
2024-08-01 02:01:34,ETHUSDT,ask,3330,4142.731
2024-08-01 02:01:34,ETHUSDT,ask,3330,4136.386
2024-08-01 02:01:34,ETHUSDT,ask,3330,4154.49
2024-08-01 02:01:35,ETHUSDT,ask,3330,4136.386
2024-08-01 02:01:35,ETHUSDT,ask,3330,4157.442
2024-08-01 02:01:35,ETHUSDT,ask,3330,4155.902
2024-08-01 02:01:35,ETHUSDT,ask,3330,4156.023
2024-08-01 02:01:36,ETHUSDT,ask,3330,4155.927
2024-08-01 02:01:36,ETHUSDT,ask,3330,4152.579
2024-08-01 02:01:36,ETHUSDT,ask,3330,4152.613
2024-08-01 02:01:36,ETHUSDT,ask,3330,4152.565
2024-08-01 02:01:36,ETHUSDT,ask,3330,4152.59
2024-08-01 02:01:36,ETHUSDT,ask,3330,4152.611
2024-08-01 02:01:37,ETHUSDT,ask,3330,4152.59
2024-08-01 02:01:37,ETHUSDT,ask,3330,4151.689
2024-08-01 02:01:37,ETHUSDT,ask,3330,4151.691
2024-08-01 02:01:37,ETHUSDT,ask,3330,4151.666
2024-08-01 02:01:38,ETHUSDT,ask,3330,4151.691
2024-08-01 02:01:38,ETHUSDT,ask,3330,4156.589
2024-08-01 02:01:38,ETHUSDT,ask,3330,4156.543
2024-08-01 02:01:38,ETHUSDT,ask,3330,4156.568
2024-08-01 02:01:38,ETHUSDT,ask,3330,4156.593
2024-08-01 02:01:39,ETHUSDT,ask,3330,4156.584
2024-08-01 02:01:39,ETHUSDT,ask,3330,4156.568
2024-08-01 02:01:39,ETHUSDT,ask,3330,4215.521
2024-08-01 02:01:39,ETHUSDT,ask,3330,4227.273
2024-08-01 02:01:39,ETHUSDT,ask,3330,4215.158
2024-08-01 02:01:40,ETHUSDT,ask,3330,4215.158
2024-08-01 02:01:40,ETHUSDT,ask,3330,4226.798
2024-08-01 02:01:40,ETHUSDT,ask,3330,4226.807
2024-08-01 02:01:40,ETHUSDT,ask,3330,4226.775
2024-08-01 02:01:40,ETHUSDT,ask,3330,4226.885
2024-08-01 02:01:40,ETHUSDT,ask,3330,4226.741
2024-08-01 02:01:41,ETHUSDT,ask,3330,4226.741
2024-08-01 02:01:41,ETHUSDT,ask,3330,4269.343
2024-08-01 02:01:41,ETHUSDT,ask,3330,4269.277
2024-08-01 02:01:41,ETHUSDT,ask,3330,4297.927
2024-08-01 02:01:42,ETHUSDT,ask,3330,4269.421
2024-08-01 02:01:42,ETHUSDT,ask,3330,4347.896
2024-08-01 02:01:42,ETHUSDT,ask,3330,4347.827
2024-08-01 02:01:43,ETHUSDT,ask,3330,4347.79
2024-08-01 02:01:43,ETHUSDT,ask,3330,4347.934
2024-08-01 02:01:43,ETHUSDT,ask,3330,4419.753
2024-08-01 02:01:43,ETHUSDT,ask,3330,4419.609
2024-08-01 02:01:44,ETHUSDT,ask,3330,4422.377
2024-08-01 02:01:44,ETHUSDT,ask,3330,4422.233
2024-08-01 02:01:45,ETHUSDT,ask,3330,4450.673
2024-08-01 02:01:45,ETHUSDT,ask,3330,4450.714
2024-08-01 02:01:45,ETHUSDT,ask,3330,4450.685
2024-08-01 02:01:45,ETHUSDT,ask,3330,4450.673
2024-08-01 02:01:46,ETHUSDT,ask,3330,4450.695
2024-08-01 02:01:46,ETHUSDT,ask,3330,4456.992
2024-08-01 02:01:46,ETHUSDT,ask,3330,4457.03
2024-08-01 02:01:46,ETHUSDT,ask,3330,4457.035
2024-08-01 02:01:46,ETHUSDT,ask,3330,4457.042
2024-08-01 02:01:47,ETHUSDT,ask,3330,4456.992
2024-08-01 02:01:47,ETHUSDT,ask,3330,4457.017
2024-08-01 02:01:47,ETHUSDT,ask,3330,4473.289
2024-08-01 02:01:47,ETHUSDT,ask,3330,4473.289
2024-08-01 02:01:47,ETHUSDT,ask,3330,4473.246
2024-08-01 02:01:47,ETHUSDT,ask,3330,4473.246
2024-08-01 02:01:47,ETHUSDT,ask,3330,4473.284
2024-08-01 02:01:47,ETHUSDT,ask,3330,4474.397
2024-08-01 02:01:48,ETHUSDT,ask,3330,4473.246
2024-08-01 02:01:48,ETHUSDT,ask,3330,4473.271
2024-08-01 02:01:48,ETHUSDT,ask,3330,4484.099
2024-08-01 02:01:48,ETHUSDT,ask,3330,4484.142
2024-08-01 02:01:48,ETHUSDT,ask,3330,4484.092
2024-08-01 02:01:48,ETHUSDT,ask,3330,4485.243
2024-08-01 02:01:48,ETHUSDT,ask,3330,4484.092
2024-08-01 02:01:48,ETHUSDT,ask,3330,4484.261
2024-08-01 02:01:49,ETHUSDT,ask,3330,4485.243
2024-08-01 02:01:49,ETHUSDT,ask,3330,4484.099
2024-08-01 02:01:49,ETHUSDT,ask,3330,4478.618
2024-08-01 02:01:49,ETHUSDT,ask,3330,4478.625
2024-08-01 02:01:50,ETHUSDT,ask,3330,4478.618
2024-08-01 02:01:50,ETHUSDT,ask,3330,4475.407
2024-08-01 02:01:50,ETHUSDT,ask,3330,4475.138
2024-08-01 02:01:50,ETHUSDT,ask,3330,4475.167
2024-08-01 02:01:50,ETHUSDT,ask,3330,4475.167
2024-08-01 02:01:51,ETHUSDT,ask,3330,4475.126
2024-08-01 02:01:51,ETHUSDT,ask,3330,4475.126
2024-08-01 02:01:51,ETHUSDT,ask,3330,4452.077
2024-08-01 02:01:51,ETHUSDT,ask,3330,4452.008
2024-08-01 02:01:51,ETHUSDT,ask,3330,4453.549
2024-08-01 02:01:51,ETHUSDT,ask,3330,4452.001
2024-08-01 02:01:52,ETHUSDT,ask,3330,4452.039
2024-08-01 02:01:52,ETHUSDT,ask,3330,4452.035
2024-08-01 02:01:52,ETHUSDT,ask,3330,4452.018
2024-08-01 02:01:52,ETHUSDT,ask,3330,4407.854
2024-08-01 02:01:52,ETHUSDT,ask,3330,4407.812
2024-08-01 02:01:53,ETHUSDT,ask,3330,4407.774
2024-08-01 02:01:53,ETHUSDT,ask,3330,4407.746
2024-08-01 02:01:53,ETHUSDT,ask,3330,4380.169
2024-08-01 02:01:53,ETHUSDT,ask,3330,4379.187
2024-08-01 02:01:53,ETHUSDT,ask,3330,4379.046
2024-08-01 02:01:53,ETHUSDT,ask,3330,4379.056
2024-08-01 02:01:53,ETHUSDT,ask,3330,4379.187
2024-08-01 02:01:53,ETHUSDT,ask,3330,4379.018
2024-08-01 02:01:54,ETHUSDT,ask,3330,4325.807
2024-08-01 02:01:54,ETHUSDT,ask,3330,4325.84
2024-08-01 02:01:54,ETHUSDT,ask,3330,4325.818
2024-08-01 02:01:54,ETHUSDT,ask,3330,4325.959
2024-08-01 02:01:54,ETHUSDT,ask,3330,4325.798
2024-08-01 02:01:55,ETHUSDT,ask,3330,4325.798
2024-08-01 02:01:55,ETHUSDT,ask,3330,4325.831
2024-08-01 02:01:55,ETHUSDT,ask,3330,4332.22
2024-08-01 02:01:55,ETHUSDT,ask,3330,4292.447
2024-08-01 02:01:55,ETHUSDT,ask,3330,4292.442
2024-08-01 02:01:56,ETHUSDT,ask,3330,4292.511
2024-08-01 02:01:56,ETHUSDT,bid,3100,3272.121
2024-08-01 02:01:56,ETHUSDT,ask,3330,4292.435
2024-08-01 02:01:57,ETHUSDT,ask,3330,4286.86
2024-08-01 02:01:57,ETHUSDT,ask,3330,4285.488
2024-08-01 02:02:00,ETHUSDT,ask,3330,4266.735
2024-08-01 02:02:00,ETHUSDT,ask,3330,4304.077
2024-08-01 02:02:00,ETHUSDT,ask,3330,4303.605
2024-08-01 02:02:00,ETHUSDT,ask,3330,4303.582
2024-08-01 02:02:01,ETHUSDT,ask,3330,4351.878
2024-08-01 02:02:01,ETHUSDT,ask,3330,4351.841
2024-08-01 02:02:01,ETHUSDT,ask,3330,4351.858
2024-08-01 02:02:02,ETHUSDT,ask,3330,4353.236
2024-08-01 02:02:02,ETHUSDT,ask,3330,4379.582
2024-08-01 02:02:02,ETHUSDT,ask,3330,4379.505
2024-08-01 02:02:02,ETHUSDT,ask,3330,4379.323
2024-08-01 02:02:03,ETHUSDT,ask,3330,4403.913
2024-08-01 02:02:04,ETHUSDT,ask,3330,4403.913
2024-08-01 02:02:04,ETHUSDT,ask,3330,4403.921
2024-08-01 02:02:04,ETHUSDT,ask,3330,4403.913
2024-08-01 02:02:04,ETHUSDT,ask,3330,4451.595
2024-08-01 02:02:04,ETHUSDT,ask,3330,4451.588
2024-08-01 02:02:04,ETHUSDT,ask,3330,4451.571
2024-08-01 02:02:04,ETHUSDT,ask,3330,4451.571
2024-08-01 02:02:05,ETHUSDT,ask,3330,4451.588
2024-08-01 02:02:06,ETHUSDT,ask,3330,4470.096
2024-08-01 02:02:06,ETHUSDT,ask,3330,4470.085
2024-08-01 02:02:08,ETHUSDT,ask,3330,4485.69
2024-08-01 02:02:08,ETHUSDT,ask,3330,4485.69
2024-08-01 02:02:09,ETHUSDT,ask,3330,4445.826
2024-08-01 02:02:09,ETHUSDT,ask,3330,4444.446
2024-08-01 02:02:09,ETHUSDT,ask,3330,4445.826
2024-08-01 02:02:09,ETHUSDT,ask,3330,4384.958
2024-08-01 02:02:10,ETHUSDT,ask,3330,4328.575
2024-08-01 02:02:11,ETHUSDT,ask,3330,4328.575
2024-08-01 02:02:12,ETHUSDT,ask,3330,4242.178
2024-08-01 02:02:12,ETHUSDT,ask,3330,4242.38
2024-08-01 02:02:13,ETHUSDT,ask,3330,4242.218
2024-08-01 02:02:13,ETHUSDT,ask,3330,4242.218
2024-08-01 02:02:13,ETHUSDT,ask,3330,4231.655
2024-08-01 02:02:14,ETHUSDT,ask,3330,4247.161
2024-08-01 02:02:14,ETHUSDT,ask,3330,4247.161
2024-08-01 02:02:15,ETHUSDT,ask,3330,4242.625
2024-08-01 02:02:17,ETHUSDT,ask,3330,4313.963
2024-08-01 02:02:18,ETHUSDT,ask,3330,4313.879
2024-08-01 02:02:18,ETHUSDT,ask,3330,4313.886
2024-08-01 02:02:18,ETHUSDT,ask,3330,4313.976
2024-08-01 02:02:18,ETHUSDT,ask,3330,4387.16
2024-08-01 02:02:18,ETHUSDT,ask,3330,4387.175
2024-08-01 02:02:18,ETHUSDT,ask,3330,4387.16
2024-08-01 02:02:21,ETHUSDT,ask,3330,4497.92
2024-08-01 02:02:21,ETHUSDT,ask,3330,4498.003
2024-08-01 02:02:21,ETHUSDT,ask,3330,4566.539
2024-08-01 02:02:21,ETHUSDT,ask,3330,4566.366
2024-08-01 02:02:21,ETHUSDT,ask,3330,4566.366
2024-08-01 02:02:21,ETHUSDT,ask,3330,4566.366
2024-08-01 02:02:22,ETHUSDT,ask,3330,4566.373
2024-08-01 02:02:24,ETHUSDT,ask,3330,4602.273
2024-08-01 02:02:25,ETHUSDT,ask,3330,4602.273
2024-08-01 02:02:25,ETHUSDT,ask,3330,4601.914
2024-08-01 02:02:25,ETHUSDT,ask,3330,4597.849
2024-08-01 02:02:25,ETHUSDT,ask,3330,4599.639
2024-08-01 02:02:25,ETHUSDT,ask,3330,4597.846
2024-08-01 02:02:27,ETHUSDT,ask,3330,4582.802
2024-08-01 02:02:27,ETHUSDT,ask,3330,4582.757
2024-08-01 02:02:27,ETHUSDT,ask,3330,4582.746
2024-08-01 02:02:27,ETHUSDT,ask,3330,4582.746
2024-08-01 02:02:27,ETHUSDT,ask,3330,4582.757
2024-08-01 02:02:27,ETHUSDT,ask,3330,4582.746
2024-08-01 02:02:28,ETHUSDT,ask,3330,4583.142
2024-08-01 02:02:28,ETHUSDT,ask,3330,4582.746
2024-08-01 02:02:28,ETHUSDT,ask,3330,4582.746
2024-08-01 02:02:28,ETHUSDT,ask,3330,4548.486
2024-08-01 02:02:28,ETHUSDT,ask,3330,4549.636
2024-08-01 02:02:28,ETHUSDT,ask,3330,4548.479
2024-08-01 02:02:29,ETHUSDT,ask,3330,4548.479
2024-08-01 02:02:29,ETHUSDT,ask,3330,4548.489
2024-08-01 02:02:29,ETHUSDT,ask,3330,4526.129
2024-08-01 02:02:29,ETHUSDT,ask,3330,4526.109
2024-08-01 02:02:29,ETHUSDT,ask,3330,4527.266
2024-08-01 02:02:30,ETHUSDT,ask,3330,4526.128
2024-08-01 02:02:30,ETHUSDT,ask,3330,4526.109
2024-08-01 02:02:30,ETHUSDT,ask,3330,4504.394
2024-08-01 02:02:30,ETHUSDT,ask,3330,4506.134
2024-08-01 02:02:30,ETHUSDT,ask,3330,4504.446
2024-08-01 02:02:30,ETHUSDT,ask,3330,4507.305
2024-08-01 02:02:30,ETHUSDT,ask,3330,4504.434
2024-08-01 02:02:31,ETHUSDT,ask,3330,4504.385
2024-08-01 02:02:31,ETHUSDT,ask,3330,4507.305
2024-08-01 02:02:31,ETHUSDT,ask,3330,4489.057
2024-08-01 02:02:31,ETHUSDT,ask,3330,4489.091
2024-08-01 02:02:32,ETHUSDT,ask,3330,4489.678
2024-08-01 02:02:32,ETHUSDT,ask,3330,4489.453
2024-08-01 02:02:32,ETHUSDT,ask,3330,4490.064
2024-08-01 02:02:32,ETHUSDT,ask,3330,4490.064
2024-08-01 02:02:33,ETHUSDT,ask,3330,4490.431
2024-08-01 02:02:33,ETHUSDT,ask,3330,4494.596
2024-08-01 02:02:33,ETHUSDT,ask,3330,4517.088
2024-08-01 02:02:33,ETHUSDT,ask,3330,4494.535
2024-08-01 02:02:33,ETHUSDT,ask,3330,4495.156
2024-08-01 02:02:33,ETHUSDT,ask,3330,4494.595
2024-08-01 02:02:34,ETHUSDT,ask,3330,4494.635
2024-08-01 02:02:34,ETHUSDT,ask,3330,4494.535
2024-08-01 02:02:34,ETHUSDT,ask,3330,4566.714
2024-08-01 02:02:34,ETHUSDT,ask,3330,4566.714
2024-08-01 02:02:34,ETHUSDT,ask,3330,4566.715
2024-08-01 02:02:35,ETHUSDT,ask,3330,4566.705
2024-08-01 02:02:35,ETHUSDT,ask,3330,4566.696
2024-08-01 02:02:35,ETHUSDT,ask,3330,4555.11
2024-08-01 02:02:35,ETHUSDT,ask,3330,4555.141
2024-08-01 02:02:35,ETHUSDT,ask,3330,4555.133
2024-08-01 02:02:35,ETHUSDT,ask,3330,4555.08
2024-08-01 02:02:36,ETHUSDT,ask,3330,4555.08
2024-08-01 02:02:36,ETHUSDT,ask,3330,4559.886
2024-08-01 02:02:36,ETHUSDT,ask,3330,4557.0
2024-08-01 02:02:37,ETHUSDT,ask,3330,4561.502
2024-08-01 02:02:37,ETHUSDT,ask,3330,4556.966
2024-08-01 02:02:37,ETHUSDT,ask,3330,4528.843
2024-08-01 02:02:37,ETHUSDT,ask,3330,4533.379
2024-08-01 02:02:37,ETHUSDT,ask,3330,4528.843
2024-08-01 02:02:38,ETHUSDT,ask,3330,4528.852
2024-08-01 02:02:38,ETHUSDT,ask,3330,4528.843
2024-08-01 02:02:38,ETHUSDT,ask,3330,4528.843
2024-08-01 02:02:39,ETHUSDT,ask,3330,4491.502
2024-08-01 02:02:39,ETHUSDT,ask,3330,4445.653
2024-08-01 02:02:39,ETHUSDT,ask,3330,4445.993
2024-08-01 02:02:39,ETHUSDT,ask,3330,4445.681
2024-08-01 02:02:39,ETHUSDT,ask,3330,4445.653
2024-08-01 02:02:39,ETHUSDT,ask,3330,4447.707
2024-08-01 02:02:39,ETHUSDT,ask,3330,4445.663
2024-08-01 02:02:39,ETHUSDT,ask,3330,4445.662
2024-08-01 02:02:40,ETHUSDT,ask,3330,4413.827
2024-08-01 02:02:40,ETHUSDT,ask,3330,4413.827
2024-08-01 02:02:40,ETHUSDT,ask,3330,4413.899
2024-08-01 02:02:40,ETHUSDT,ask,3330,4413.96
2024-08-01 02:02:40,ETHUSDT,ask,3330,4413.844
2024-08-01 02:02:41,ETHUSDT,ask,3330,4413.861
2024-08-01 02:02:41,ETHUSDT,ask,3330,4343.096
2024-08-01 02:02:41,ETHUSDT,ask,3330,4343.096
2024-08-01 02:02:42,ETHUSDT,ask,3330,4343.096
2024-08-01 02:02:42,ETHUSDT,ask,3330,4343.315
2024-08-01 02:02:42,ETHUSDT,ask,3330,4343.096
2024-08-01 02:02:42,ETHUSDT,ask,3330,4193.309
2024-08-01 02:02:42,ETHUSDT,ask,3330,4193.633
2024-08-01 02:02:42,ETHUSDT,ask,3330,4193.633
2024-08-01 02:02:42,ETHUSDT,ask,3330,4193.3
2024-08-01 02:02:43,ETHUSDT,ask,3330,4033.197
2024-08-01 02:02:43,ETHUSDT,ask,3330,4033.197
2024-08-01 02:02:43,ETHUSDT,ask,3330,4033.217
2024-08-01 02:02:44,ETHUSDT,ask,3330,3864.777
2024-08-01 02:02:44,ETHUSDT,ask,3330,3864.838
2024-08-01 02:02:45,ETHUSDT,ask,3330,3864.777
2024-08-01 02:02:45,ETHUSDT,ask,3330,3864.799
2024-08-01 02:02:45,ETHUSDT,ask,3330,3772.316
2024-08-01 02:02:45,ETHUSDT,ask,3330,3773.32
2024-08-01 02:02:45,ETHUSDT,ask,3330,3772.384
2024-08-01 02:02:46,ETHUSDT,ask,3330,3772.33
2024-08-01 02:02:46,ETHUSDT,ask,3330,3772.312
2024-08-01 02:02:46,ETHUSDT,ask,3330,3669.922
2024-08-01 02:02:46,ETHUSDT,ask,3330,3669.908
2024-08-01 02:02:47,ETHUSDT,ask,3330,3671.765
2024-08-01 02:02:47,ETHUSDT,ask,3330,3554.375
2024-08-01 02:02:47,ETHUSDT,ask,3330,3554.385
2024-08-01 02:02:47,ETHUSDT,ask,3330,3554.395
2024-08-01 02:02:47,ETHUSDT,ask,3330,3554.4
2024-08-01 02:02:48,ETHUSDT,ask,3330,3554.375
2024-08-01 02:02:48,ETHUSDT,ask,3330,3554.385
2024-08-01 02:02:48,ETHUSDT,ask,3330,3476.272
2024-08-01 02:02:48,ETHUSDT,ask,3330,3476.272
2024-08-01 02:02:48,ETHUSDT,ask,3330,3476.272
2024-08-01 02:02:48,ETHUSDT,ask,3330,3476.282
2024-08-01 02:02:48,ETHUSDT,ask,3330,3491.838
2024-08-01 02:02:49,ETHUSDT,ask,3330,3476.988
2024-08-01 02:02:49,ETHUSDT,ask,3330,3476.601
2024-08-01 02:02:49,ETHUSDT,ask,3330,3476.601
2024-08-01 02:02:49,ETHUSDT,ask,3330,3393.756
2024-08-01 02:02:49,ETHUSDT,ask,3330,3393.599
2024-08-01 02:02:49,ETHUSDT,ask,3330,3393.756
2024-08-01 02:02:49,ETHUSDT,ask,3330,3393.564
2024-08-01 02:02:50,ETHUSDT,ask,3330,3404.133
2024-08-01 02:02:50,ETHUSDT,ask,3330,3393.564
2024-08-01 02:02:50,ETHUSDT,ask,3330,3279.813
2024-08-01 02:02:50,ETHUSDT,ask,3330,3279.805
2024-08-01 02:02:50,ETHUSDT,ask,3330,3279.805
2024-08-01 02:02:50,ETHUSDT,ask,3330,3279.805
2024-08-01 02:02:51,ETHUSDT,ask,3330,3280.011
2024-08-01 02:02:51,ETHUSDT,ask,3330,3239.844
2024-08-01 02:02:51,ETHUSDT,ask,3330,3239.862
2024-08-01 02:02:51,ETHUSDT,ask,3330,3240.62
2024-08-01 02:02:52,ETHUSDT,ask,3330,3239.844
2024-08-01 02:02:52,ETHUSDT,ask,3330,3250.245
2024-08-01 02:02:52,ETHUSDT,ask,3330,3250.245
2024-08-01 02:02:52,ETHUSDT,ask,3330,3250.272
2024-08-01 02:02:52,ETHUSDT,ask,3330,3250.315
2024-08-01 02:02:53,ETHUSDT,ask,3330,3275.302
2024-08-01 02:02:54,ETHUSDT,ask,3330,3275.33
2024-08-01 02:02:54,ETHUSDT,ask,3330,3285.945
2024-08-01 02:02:54,ETHUSDT,ask,3330,3343.09
2024-08-01 02:02:54,ETHUSDT,ask,3330,3343.09
2024-08-01 02:02:55,ETHUSDT,ask,3330,3343.08
2024-08-01 02:02:55,ETHUSDT,ask,3330,3343.08
2024-08-01 02:02:55,ETHUSDT,ask,3330,3352.873
2024-08-01 02:02:55,ETHUSDT,ask,3330,3368.439
2024-08-01 02:02:55,ETHUSDT,ask,3330,3352.914
2024-08-01 02:02:55,ETHUSDT,ask,3330,3352.873
2024-08-01 02:02:56,ETHUSDT,ask,3330,3353.132
2024-08-01 02:02:56,ETHUSDT,ask,3330,3352.961
2024-08-01 02:02:56,ETHUSDT,ask,3330,3352.873
2024-08-01 02:02:56,ETHUSDT,ask,3330,3278.278
2024-08-01 02:02:56,ETHUSDT,ask,3330,3278.309
2024-08-01 02:02:57,ETHUSDT,ask,3330,3278.268
2024-08-01 02:02:57,ETHUSDT,ask,3330,3278.268
2024-08-01 02:02:57,ETHUSDT,ask,3330,3278.268
2024-08-01 02:02:57,ETHUSDT,ask,3330,3256.161
2024-08-01 02:02:58,ETHUSDT,ask,3330,3256.161
2024-08-01 02:02:58,ETHUSDT,ask,3330,3256.161
2024-08-01 02:02:58,ETHUSDT,ask,3330,3229.703
2024-08-01 02:02:58,ETHUSDT,ask,3330,3243.412
2024-08-01 02:02:59,ETHUSDT,ask,3330,3207.087
2024-08-01 02:02:59,ETHUSDT,ask,3330,3205.467
2024-08-01 02:02:59,ETHUSDT,ask,3330,3205.498
2024-08-01 02:03:00,ETHUSDT,ask,3330,3205.468
2024-08-01 02:03:00,ETHUSDT,ask,3330,3207.314
2024-08-01 02:03:00,ETHUSDT,ask,3330,3237.044
2024-08-01 02:03:01,ETHUSDT,ask,3330,3238.901
2024-08-01 02:03:01,ETHUSDT,ask,3330,3243.927
2024-08-01 02:03:01,ETHUSDT,ask,3330,3243.835
2024-08-01 02:03:01,ETHUSDT,ask,3330,3243.668
2024-08-01 02:03:01,ETHUSDT,ask,3330,3243.668
2024-08-01 02:03:01,ETHUSDT,ask,3330,3243.668
2024-08-01 02:03:02,ETHUSDT,ask,3330,3243.927
2024-08-01 02:03:03,ETHUSDT,ask,3330,3267.71
2024-08-01 02:03:03,ETHUSDT,ask,3330,3246.857
2024-08-01 02:03:03,ETHUSDT,ask,3330,3247.176
2024-08-01 02:03:03,ETHUSDT,ask,3330,3246.857
2024-08-01 02:03:04,ETHUSDT,ask,3330,3246.857
2024-08-01 02:03:04,ETHUSDT,ask,3330,3159.826
2024-08-01 02:03:05,ETHUSDT,ask,3330,3159.826
2024-08-01 02:03:05,ETHUSDT,ask,3330,3161.689
2024-08-01 02:03:05,ETHUSDT,ask,3330,3160.145
2024-08-01 02:03:05,ETHUSDT,ask,3330,3123.321
2024-08-01 02:03:05,ETHUSDT,ask,3330,3133.876
2024-08-01 02:03:05,ETHUSDT,ask,3330,3123.293
2024-08-01 02:03:05,ETHUSDT,ask,3330,3123.392
2024-08-01 02:03:06,ETHUSDT,ask,3330,3129.831
2024-08-01 02:03:06,ETHUSDT,ask,3330,3129.801
2024-08-01 02:03:07,ETHUSDT,ask,3330,3160.816
2024-08-01 02:03:09,ETHUSDT,ask,3330,3174.661
2024-08-01 02:03:09,ETHUSDT,ask,3330,3174.771
2024-08-01 02:03:10,ETHUSDT,ask,3330,3174.628
2024-08-01 02:03:10,ETHUSDT,ask,3330,3101.338
2024-08-01 02:03:10,ETHUSDT,ask,3330,3101.323
2024-08-01 02:03:10,ETHUSDT,ask,3330,3102.039
2024-08-01 02:03:10,ETHUSDT,ask,3330,3101.323
2024-08-01 02:03:10,ETHUSDT,ask,3330,3101.348
2024-08-01 02:03:10,ETHUSDT,ask,3330,3102.193
2024-08-01 02:03:11,ETHUSDT,ask,3330,3101.323
2024-08-01 02:03:11,ETHUSDT,ask,3330,3102.193
2024-08-01 02:03:11,ETHUSDT,ask,3330,3043.532
2024-08-01 02:03:11,ETHUSDT,ask,3330,3038.039
2024-08-01 02:03:12,ETHUSDT,ask,3330,3038.016
2024-08-01 02:03:12,ETHUSDT,ask,3330,3021.628
2024-08-01 02:03:12,ETHUSDT,ask,3330,3021.717
2024-08-01 02:03:13,ETHUSDT,ask,3330,3026.325
2024-08-01 02:03:13,ETHUSDT,ask,3330,3021.628
2024-08-01 02:03:14,ETHUSDT,ask,3330,3116.972
2024-08-01 02:03:15,ETHUSDT,ask,3330,3257.952
2024-08-01 02:03:16,ETHUSDT,ask,3330,3111.479
2024-08-01 02:03:16,ETHUSDT,ask,3330,3121.368
2024-08-01 02:03:16,ETHUSDT,ask,3330,3121.862
2024-08-01 02:03:16,ETHUSDT,ask,3330,3121.376
2024-08-01 02:03:16,ETHUSDT,ask,3330,3121.862
2024-08-01 02:03:17,ETHUSDT,ask,3330,3130.364
2024-08-01 02:03:17,ETHUSDT,ask,3330,3130.351
2024-08-01 02:03:18,ETHUSDT,ask,3330,3130.358
2024-08-01 02:03:18,ETHUSDT,ask,3330,3130.465
2024-08-01 02:03:18,ETHUSDT,ask,3330,3135.573
2024-08-01 02:03:18,ETHUSDT,ask,3330,3134.947
2024-08-01 02:03:19,ETHUSDT,ask,3330,3177.108
2024-08-01 02:03:19,ETHUSDT,ask,3330,3177.161
2024-08-01 02:03:19,ETHUSDT,ask,3330,3177.117
2024-08-01 02:03:20,ETHUSDT,ask,3330,3177.117
2024-08-01 02:03:20,ETHUSDT,ask,3330,3178.265
2024-08-01 02:03:20,ETHUSDT,ask,3330,3231.981
2024-08-01 02:03:20,ETHUSDT,ask,3330,3232.0
2024-08-01 02:03:21,ETHUSDT,ask,3330,3232.008
2024-08-01 02:03:21,ETHUSDT,ask,3330,3260.732
2024-08-01 02:03:21,ETHUSDT,ask,3330,3261.775
2024-08-01 02:03:22,ETHUSDT,ask,3330,3260.626
2024-08-01 02:03:22,ETHUSDT,ask,3330,3246.199
2024-08-01 02:03:23,ETHUSDT,ask,3330,3246.199
2024-08-01 02:03:23,ETHUSDT,ask,3330,3246.657
2024-08-01 02:03:23,ETHUSDT,ask,3330,3188.327
2024-08-01 02:03:23,ETHUSDT,ask,3330,3184.947
2024-08-01 02:03:23,ETHUSDT,ask,3330,3185.477
2024-08-01 02:03:23,ETHUSDT,ask,3330,3184.958
2024-08-01 02:03:24,ETHUSDT,ask,3330,3127.297
2024-08-01 02:03:24,ETHUSDT,ask,3330,3127.271
2024-08-01 02:03:25,ETHUSDT,ask,3330,3127.296
2024-08-01 02:03:25,ETHUSDT,ask,3330,3127.297
2024-08-01 02:03:26,ETHUSDT,ask,3330,3232.905
2024-08-01 02:03:26,ETHUSDT,ask,3330,3232.88
2024-08-01 02:03:27,ETHUSDT,ask,3330,3220.18
2024-08-01 02:03:27,ETHUSDT,ask,3330,3220.153
2024-08-01 02:03:27,ETHUSDT,ask,3330,3220.153
2024-08-01 02:03:27,ETHUSDT,ask,3330,3220.165
2024-08-01 02:03:27,ETHUSDT,ask,3330,3220.18
2024-08-01 02:03:27,ETHUSDT,ask,3330,3220.139
2024-08-01 02:03:28,ETHUSDT,ask,3330,3237.202
2024-08-01 02:03:28,ETHUSDT,ask,3330,3237.177
2024-08-01 02:03:28,ETHUSDT,ask,3330,3238.093
2024-08-01 02:03:29,ETHUSDT,ask,3330,3238.033
2024-08-01 02:03:29,ETHUSDT,ask,3330,3247.213
2024-08-01 02:03:30,ETHUSDT,ask,3330,3283.087
2024-08-01 02:03:31,ETHUSDT,ask,3330,3283.074
2024-08-01 02:03:32,ETHUSDT,ask,3330,3268.607
2024-08-01 02:03:32,ETHUSDT,ask,3330,3268.613
2024-08-01 02:03:33,ETHUSDT,ask,3330,3268.274
2024-08-01 02:03:33,ETHUSDT,ask,3330,3256.193
2024-08-01 02:03:34,ETHUSDT,ask,3330,3507.296
2024-08-01 02:03:34,ETHUSDT,ask,3330,3256.193
2024-08-01 02:03:34,ETHUSDT,ask,3330,3263.101
2024-08-01 02:03:35,ETHUSDT,ask,3330,3262.888
2024-08-01 02:03:36,ETHUSDT,ask,3330,3186.415
2024-08-01 02:03:36,ETHUSDT,ask,3330,3121.849
2024-08-01 02:03:37,ETHUSDT,ask,3330,3121.898
2024-08-01 02:03:37,ETHUSDT,ask,3330,3121.817
2024-08-01 02:03:37,ETHUSDT,ask,3330,3087.885
2024-08-01 02:03:38,ETHUSDT,ask,3320,3011.326
2024-08-01 02:03:54,ETHUSDT,ask,3320,3016.788
2024-08-01 02:03:54,ETHUSDT,ask,3320,3016.857
2024-08-01 02:03:54,ETHUSDT,ask,3320,3016.521
2024-08-01 02:03:54,ETHUSDT,ask,3320,3016.514
2024-08-01 02:03:54,ETHUSDT,ask,3320,3016.531
2024-08-01 02:03:54,ETHUSDT,ask,3320,3016.521
2024-08-01 02:03:56,ETHUSDT,ask,3320,3062.16
2024-08-01 02:03:56,ETHUSDT,ask,3320,3062.091
2024-08-01 02:04:12,ETHUSDT,ask,3330,3110.355
2024-08-01 02:04:12,ETHUSDT,ask,3330,3110.449
2024-08-01 02:04:13,ETHUSDT,ask,3330,3147.202
2024-08-01 02:04:14,ETHUSDT,ask,3330,3147.271
2024-08-01 02:04:15,ETHUSDT,ask,3320,3142.487
2024-08-01 02:04:16,ETHUSDT,ask,3330,3169.197
2024-08-01 02:04:16,ETHUSDT,ask,3320,3169.021
2024-08-01 02:04:16,ETHUSDT,ask,3320,3169.057
2024-08-01 02:04:17,ETHUSDT,ask,3320,3169.057
2024-08-01 02:04:17,ETHUSDT,ask,3320,3180.224
2024-08-01 02:04:17,ETHUSDT,ask,3320,3180.243
2024-08-01 02:04:17,ETHUSDT,ask,3320,3180.218
2024-08-01 02:04:17,ETHUSDT,ask,3320,3180.243
2024-08-01 02:04:18,ETHUSDT,ask,3320,3180.224
2024-08-01 02:04:18,ETHUSDT,ask,3320,3232.338
2024-08-01 02:04:18,ETHUSDT,ask,3320,3232.347
2024-08-01 02:04:19,ETHUSDT,ask,3320,3232.338
2024-08-01 02:04:19,ETHUSDT,ask,3320,3268.495
2024-08-01 02:04:19,ETHUSDT,ask,3320,3269.692
