2024-08-05 11:38:56,ETHUSDT,ask,2440,4154.109
2024-08-05 11:38:59,ETHUSDT,ask,2400,4625.551
2024-08-05 11:39:06,ETHUSDT,ask,2400,4619.306
2024-08-05 11:39:13,ETHUSDT,bid,2260,7944.529
2024-08-05 11:39:26,ETHUSDT,ask,2400,4569.346
2024-08-05 11:39:47,ETHUSDT,ask,2400,4569.323
2024-08-05 11:39:53,ETHUSDT,ask,2390,4294.562
2024-08-05 11:40:13,ETHUSDT,bid,2260,7931.587
2024-08-05 11:40:14,ETHUSDT,ask,2400,4570.637
2024-08-05 11:40:14,ETHUSDT,ask,2440,4154.179
2024-08-05 11:41:12,ETHUSDT,bid,2270,7915.904
2024-08-05 11:41:13,ETHUSDT,ask,2450,4500.686
2024-08-05 11:41:16,ETHUSDT,ask,2400,4571.32
2024-08-05 11:41:16,ETHUSDT,ask,2440,4154.218
2024-08-05 11:41:22,ETHUSDT,ask,2400,4562.987
2024-08-05 11:41:54,ETHUSDT,ask,2400,4561.853
2024-08-05 11:41:57,ETHUSDT,ask,2400,4561.753
2024-08-05 11:42:11,ETHUSDT,bid,2270,7910.106
2024-08-05 11:42:21,ETHUSDT,ask,2550,4703.119
2024-08-05 11:43:11,ETHUSDT,bid,2280,7892.279
2024-08-05 11:43:11,ETHUSDT,bid,2280,7892.314
2024-08-05 11:43:11,ETHUSDT,bid,2280,7892.279
2024-08-05 11:43:16,ETHUSDT,ask,2580,3871.528
2024-08-05 11:43:27,ETHUSDT,ask,2390,4294.562
2024-08-05 11:43:27,ETHUSDT,ask,2400,4568.997
2024-08-05 11:43:41,ETHUSDT,ask,2460,4052.862
2024-08-05 11:44:10,ETHUSDT,bid,2270,7896.38
2024-08-05 11:44:14,ETHUSDT,ask,2450,4498.563
2024-08-05 11:44:18,ETHUSDT,ask,2400,4569.071
2024-08-05 11:44:51,ETHUSDT,ask,2400,4591.875
2024-08-05 11:44:57,ETHUSDT,ask,2440,4154.218
2024-08-05 11:44:57,ETHUSDT,ask,2440,4154.59
2024-08-05 11:44:57,ETHUSDT,ask,2440,4154.568
2024-08-05 11:44:57,ETHUSDT,ask,2440,4154.263
2024-08-05 11:44:57,ETHUSDT,ask,2440,4154.549
2024-08-05 11:44:57,ETHUSDT,ask,2440,4154.281
2024-08-05 11:44:57,ETHUSDT,ask,2440,4154.218
2024-08-05 11:45:09,ETHUSDT,bid,2270,7896.399
2024-08-05 11:45:19,ETHUSDT,ask,2390,4296.162
2024-08-05 11:45:43,ETHUSDT,ask,2440,4154.687
2024-08-05 11:45:43,ETHUSDT,ask,2440,4154.687
2024-08-05 11:45:45,ETHUSDT,ask,2400,4591.812
2024-08-05 11:45:48,ETHUSDT,ask,2580,3870.012
2024-08-05 11:46:08,ETHUSDT,bid,2270,7899.448
2024-08-05 11:46:18,ETHUSDT,ask,2400,4745.098
2024-08-05 11:46:20,ETHUSDT,ask,2460,4061.406
2024-08-05 11:46:56,ETHUSDT,ask,2390,4294.676
2024-08-05 11:47:07,ETHUSDT,bid,2280,7886.849
2024-08-05 11:47:10,ETHUSDT,ask,2400,4745.498
2024-08-05 11:47:46,ETHUSDT,ask,2580,3870.001
2024-08-05 11:47:48,ETHUSDT,ask,2400,4746.346
2024-08-05 11:47:49,ETHUSDT,ask,2400,4746.096
2024-08-05 11:48:03,ETHUSDT,ask,2400,4746.241
2024-08-05 11:48:07,ETHUSDT,bid,2270,7902.431
2024-08-05 11:48:07,ETHUSDT,bid,1800,10690.897
2024-08-05 11:48:23,ETHUSDT,bid,1750,10370.52
2024-08-05 11:48:41,ETHUSDT,ask,2400,4746.619
2024-08-05 11:48:41,ETHUSDT,ask,2400,4746.041
2024-08-05 11:48:43,ETHUSDT,ask,2390,4294.662
2024-08-05 11:48:46,ETHUSDT,ask,2400,4746.457
2024-08-05 11:49:06,ETHUSDT,bid,2270,7900.697
2024-08-05 11:49:47,ETHUSDT,ask,2400,4746.957
2024-08-05 11:49:47,ETHUSDT,ask,2440,4154.681
2024-08-05 11:49:47,ETHUSDT,ask,2450,4498.776
2024-08-05 11:49:51,ETHUSDT,ask,2460,4061.396
2024-08-05 11:50:05,ETHUSDT,bid,2270,7921.314
2024-08-05 11:50:07,ETHUSDT,ask,2400,4747.005
2024-08-05 11:50:14,ETHUSDT,ask,2400,4746.945
2024-08-05 11:51:00,ETHUSDT,ask,2450,4501.919
2024-08-05 11:51:05,ETHUSDT,bid,2270,7914.393
