2024-08-05 12:09:34,BTCUSDT,bid,43000,1088.919
2024-08-05 12:10:44,BTCUSDT,bid,43000,1088.922
2024-08-05 12:11:47,BTCUSDT,bid,43000,1089.226
2024-08-05 12:12:30,BTCUSDT,bid,43000,1089.2
2024-08-05 12:12:45,BTCUSDT,bid,43000,1088.896
2024-08-05 12:12:52,BTCUSDT,bid,43000,1088.767
2024-08-05 12:12:54,BTCUSDT,bid,43000,1088.919
2024-08-05 12:13:01,BTCUSDT,bid,43000,1088.72
2024-08-05 12:13:38,BTCUSDT,bid,43000,1088.745
2024-08-05 12:14:16,BTCUSDT,bid,43000,1088.768
2024-08-05 12:14:37,BTCUSDT,bid,43000,1088.968
2024-08-05 12:14:41,BTCUSDT,bid,43000,1088.977
2024-08-05 12:15:05,BTCUSDT,bid,43000,1089.018
2024-08-05 12:15:44,BTCUSDT,bid,43000,1089.109
2024-08-05 12:16:02,BTCUSDT,bid,43000,1089.114
2024-08-05 12:16:38,BTCUSDT,bid,43000,1089.137
2024-08-05 12:18:52,BTCUSDT,bid,43000,1089.134
2024-08-05 12:19:54,BTCUSDT,bid,43000,1089.157
2024-08-05 12:21:47,BTCUSDT,bid,43000,1089.057
2024-08-05 12:23:27,BTCUSDT,bid,43000,1089.06
2024-08-05 12:23:32,BTCUSDT,bid,43000,1088.143
2024-08-05 12:27:29,BTCUSDT,bid,43000,1088.149
2024-08-05 12:29:35,BTCUSDT,bid,43000,1088.059
2024-08-05 12:30:07,BTCUSDT,bid,43000,1088.018
2024-08-05 12:30:18,BTCUSDT,bid,43000,1088.041
2024-08-05 12:30:29,BTCUSDT,bid,43000,1088.095
2024-08-05 12:33:28,BTCUSDT,bid,43000,1088.068
2024-08-05 12:33:30,BTCUSDT,bid,43000,1088.302
2024-08-05 12:35:45,BTCUSDT,bid,43000,1088.298
2024-08-05 12:41:13,BTCUSDT,bid,43000,1088.301
2024-08-05 12:42:49,BTCUSDT,bid,43000,1088.306
2024-08-05 12:46:15,BTCUSDT,bid,43000,1088.283
2024-08-05 12:46:53,BTCUSDT,bid,43000,1088.376
2024-08-05 12:52:51,BTCUSDT,bid,43000,1088.381
2024-08-05 12:57:42,BTCUSDT,bid,43000,1088.384
2024-08-05 12:58:12,BTCUSDT,bid,43000,1088.407
2024-08-05 12:59:22,BTCUSDT,bid,43000,1088.687
2024-08-05 13:00:36,BTCUSDT,bid,43000,1088.726
2024-08-05 13:01:11,BTCUSDT,bid,43000,1088.693
2024-08-05 13:02:41,BTCUSDT,bid,43000,1088.67
2024-08-05 13:03:49,BTCUSDT,bid,43000,1088.673
2024-08-05 13:04:53,BTCUSDT,bid,43000,1088.683
2024-08-05 13:05:23,BTCUSDT,bid,43000,1088.449
2024-08-05 13:07:21,BTCUSDT,bid,43000,1088.472
2024-08-05 13:08:25,BTCUSDT,bid,43000,1088.466
2024-08-05 13:08:40,BTCUSDT,bid,43000,1088.559
2024-08-05 13:08:43,BTCUSDT,bid,43000,1088.563
2024-08-05 13:09:07,BTCUSDT,bid,43000,1088.567
2024-08-05 13:09:25,BTCUSDT,bid,43000,1088.563
2024-08-05 13:10:38,BTCUSDT,bid,43000,1091.563
2024-08-05 13:12:44,BTCUSDT,bid,43000,1091.558
2024-08-05 13:13:00,BTCUSDT,bid,43000,1091.278
2024-08-05 13:14:28,BTCUSDT,bid,43000,1091.284
2024-08-05 13:16:51,BTCUSDT,bid,43000,1092.509
2024-08-05 13:17:01,BTCUSDT,bid,43000,1092.5
2024-08-05 13:17:10,BTCUSDT,bid,43000,1092.52
2024-08-05 13:17:14,BTCUSDT,bid,43000,1089.52
2024-08-05 13:17:20,BTCUSDT,bid,43000,1089.481
2024-08-05 13:18:10,BTCUSDT,bid,43000,1089.461
2024-08-05 13:18:39,BTCUSDT,bid,43000,1089.432
2024-08-05 13:18:56,BTCUSDT,bid,43000,1090.034
2024-08-05 13:19:46,BTCUSDT,bid,43000,1090.046
2024-08-05 13:19:49,BTCUSDT,bid,43000,1090.029
2024-08-05 13:20:06,BTCUSDT,bid,43000,1090.107
2024-08-05 13:21:08,BTCUSDT,bid,43000,1090.13
2024-08-05 13:21:12,BTCUSDT,bid,43000,1090.135
2024-08-05 13:21:17,BTCUSDT,bid,43000,1100.135
2024-08-05 13:21:23,BTCUSDT,bid,43000,1100.159
2024-08-05 13:21:25,BTCUSDT,bid,43000,1100.203
2024-08-05 13:21:26,BTCUSDT,bid,43000,1100.244
2024-08-05 13:21:29,BTCUSDT,bid,43000,1022.192
2024-08-05 13:21:54,BTCUSDT,bid,43000,1022.165
2024-08-05 13:22:14,BTCUSDT,bid,43000,1022.182
2024-08-05 13:22:40,BTCUSDT,bid,43000,1022.564
2024-08-05 13:22:47,BTCUSDT,bid,43000,1100.616
2024-08-05 13:23:05,BTCUSDT,bid,43000,1100.982
2024-08-05 13:23:07,BTCUSDT,bid,43000,1100.974
2024-08-05 13:23:18,BTCUSDT,bid,43000,1100.883
2024-08-05 13:23:53,BTCUSDT,bid,43000,1100.501
2024-08-05 13:23:53,BTCUSDT,bid,43000,1100.504
2024-08-05 13:23:56,BTCUSDT,bid,43000,1100.36
2024-08-05 13:24:03,BTCUSDT,bid,43000,1101.314
2024-08-05 13:24:05,BTCUSDT,bid,43000,1101.311
2024-08-05 13:24:08,BTCUSDT,bid,43000,1101.294
2024-08-05 13:24:08,BTCUSDT,bid,43000,1101.297
2024-08-05 13:24:13,BTCUSDT,bid,43000,1101.3
2024-08-05 13:24:19,BTCUSDT,bid,43000,1101.294
2024-08-05 13:24:21,BTCUSDT,bid,43000,1101.573
2024-08-05 13:24:25,BTCUSDT,bid,43000,1101.773
2024-08-05 13:24:31,BTCUSDT,bid,43000,1101.788
2024-08-05 13:24:44,BTCUSDT,bid,43000,1101.785
2024-08-05 13:24:49,BTCUSDT,bid,43000,1101.585
2024-08-05 13:24:51,BTCUSDT,bid,43000,1101.485
2024-08-05 13:24:53,BTCUSDT,bid,43000,1101.492
2024-08-05 13:24:57,BTCUSDT,bid,43000,1101.489
2024-08-05 13:25:04,BTCUSDT,bid,43000,1101.545
2024-08-05 13:25:06,BTCUSDT,bid,43000,1101.588
2024-08-05 13:25:10,BTCUSDT,bid,43000,1101.582
2024-08-05 13:25:40,BTCUSDT,bid,43000,1101.651
2024-08-05 13:25:58,BTCUSDT,bid,43000,1101.668
2024-08-05 13:26:16,BTCUSDT,bid,43000,1101.627
2024-08-05 13:26:21,BTCUSDT,bid,43000,1101.633
2024-08-05 13:26:24,BTCUSDT,bid,43000,1101.632
2024-08-05 13:26:32,BTCUSDT,bid,43000,1102.632
2024-08-05 13:26:41,BTCUSDT,bid,43000,1102.353
2024-08-05 13:26:43,BTCUSDT,bid,43000,1102.356
2024-08-05 13:26:43,BTCUSDT,bid,43000,1102.379
2024-08-05 13:26:44,BTCUSDT,bid,43000,1102.415
2024-08-05 13:26:49,BTCUSDT,bid,43000,1102.405
2024-08-05 13:26:52,BTCUSDT,bid,43000,1102.637
2024-08-05 13:26:53,BTCUSDT,bid,43000,1102.916
2024-08-05 13:27:09,BTCUSDT,bid,43000,1102.929
2024-08-05 13:27:12,BTCUSDT,bid,43000,1103.029
2024-08-05 13:27:12,BTCUSDT,bid,43000,1103.098
2024-08-05 13:27:13,BTCUSDT,bid,43000,1103.101
2024-08-05 13:27:18,BTCUSDT,bid,43000,1103.086
2024-08-05 13:27:20,BTCUSDT,bid,43000,1103.141
2024-08-05 13:27:25,BTCUSDT,bid,43000,1103.105
2024-08-05 13:27:34,BTCUSDT,bid,43000,1102.105
2024-08-05 13:27:39,BTCUSDT,bid,43000,1102.158
2024-08-05 13:27:50,BTCUSDT,bid,43000,1102.161
2024-08-05 13:27:57,BTCUSDT,bid,43000,1102.166
2024-08-05 13:28:03,BTCUSDT,bid,43000,1102.122
2024-08-05 13:28:21,BTCUSDT,bid,43000,1102.006
2024-08-05 13:28:35,BTCUSDT,bid,43000,1102.039
2024-08-05 13:28:41,BTCUSDT,bid,43000,1102.042
2024-08-05 13:28:54,BTCUSDT,bid,43000,1102.039
2024-08-05 13:28:58,BTCUSDT,bid,43000,1102.089
2024-08-05 13:29:13,BTCUSDT,bid,43000,1102.033
2024-08-05 13:29:19,BTCUSDT,bid,43000,1102.219
2024-08-05 13:29:26,BTCUSDT,bid,43000,1102.222
2024-08-05 13:29:50,BTCUSDT,bid,43000,1102.197
2024-08-05 13:30:04,BTCUSDT,bid,43000,1102.2
2024-08-05 13:30:10,BTCUSDT,bid,43000,1102.131
2024-08-05 13:30:14,BTCUSDT,bid,43000,1102.143
2024-08-05 13:30:55,BTCUSDT,bid,43000,1102.074
2024-08-05 13:31:02,BTCUSDT,bid,43000,1102.077
2024-08-05 13:31:05,BTCUSDT,bid,43000,1101.877
2024-08-05 13:31:05,BTCUSDT,bid,43000,1101.883
2024-08-05 13:31:18,BTCUSDT,bid,43000,1101.892
2024-08-05 13:31:19,BTCUSDT,bid,43000,1101.895
2024-08-05 13:31:26,BTCUSDT,bid,43000,1101.872
2024-08-05 13:31:40,BTCUSDT,bid,43000,1023.82
2024-08-05 13:31:47,BTCUSDT,bid,43000,1023.842
2024-08-05 13:31:51,BTCUSDT,bid,43000,1023.845
2024-08-05 13:32:28,BTCUSDT,bid,43000,1023.891
2024-08-05 13:32:39,BTCUSDT,bid,43000,1023.991
2024-08-05 13:33:17,BTCUSDT,bid,43000,1023.988
2024-08-05 13:33:49,BTCUSDT,bid,43000,1024.008
2024-08-05 13:34:13,BTCUSDT,bid,43000,1024.042
2024-08-05 13:34:19,BTCUSDT,bid,43000,1024.158
2024-08-05 13:35:00,BTCUSDT,bid,43000,1024.238
2024-08-05 13:36:25,BTCUSDT,bid,43000,1024.241
2024-08-05 13:36:27,BTCUSDT,bid,43000,1024.244
2024-08-05 13:36:27,BTCUSDT,bid,43000,1024.327
2024-08-05 13:36:40,BTCUSDT,bid,43000,1024.333
2024-08-05 13:37:47,BTCUSDT,bid,43000,1024.579
2024-08-05 13:37:51,BTCUSDT,bid,43000,1024.556
2024-08-05 13:38:16,BTCUSDT,bid,43000,1024.513
2024-08-05 13:38:22,BTCUSDT,bid,43000,1024.508
2024-08-05 13:38:31,BTCUSDT,bid,43000,1024.511
2024-08-05 13:38:44,BTCUSDT,bid,43000,1024.644
2024-08-05 13:38:46,BTCUSDT,bid,43000,1024.69
2024-08-05 13:39:19,BTCUSDT,bid,43000,1024.74
2024-08-05 13:39:24,BTCUSDT,bid,43000,1024.763
2024-08-05 13:39:40,BTCUSDT,bid,43000,1025.097
2024-08-05 13:39:57,BTCUSDT,bid,43000,1025.11
2024-08-05 13:40:01,BTCUSDT,bid,43000,1025.113
2024-08-05 13:40:25,BTCUSDT,bid,43000,1025.116
2024-08-05 13:41:11,BTCUSDT,bid,43000,1025.13
2024-08-05 13:41:22,BTCUSDT,bid,43000,1025.075
2024-08-05 13:41:23,BTCUSDT,bid,43000,1025.078
2024-08-05 13:41:45,BTCUSDT,bid,43000,1025.088
2024-08-05 13:41:48,BTCUSDT,bid,43000,1025.108
2024-08-05 13:41:53,BTCUSDT,bid,43000,1025.113
2024-08-05 13:41:56,BTCUSDT,bid,43000,1025.183
2024-08-05 13:42:17,BTCUSDT,bid,43000,1025.383
2024-08-05 13:42:39,BTCUSDT,bid,43000,1025.394
2024-08-05 13:42:59,BTCUSDT,bid,43000,1025.374
2024-08-05 13:43:46,BTCUSDT,bid,43000,1025.42
2024-08-05 13:44:31,BTCUSDT,bid,43000,1025.513
2024-08-05 13:44:37,BTCUSDT,bid,43000,1026.462
2024-08-05 13:44:38,BTCUSDT,bid,43000,1027.84
2024-08-05 13:44:43,BTCUSDT,bid,43000,1026.615
2024-08-05 13:44:55,BTCUSDT,bid,43000,1026.665
2024-08-05 13:44:58,BTCUSDT,bid,43000,1026.662
2024-08-05 13:45:14,BTCUSDT,bid,43000,1026.839
2024-08-05 13:45:31,BTCUSDT,bid,43000,1026.85
2024-08-05 13:45:33,BTCUSDT,bid,43000,1030.288
2024-08-05 13:45:33,BTCUSDT,bid,43000,1030.753
2024-08-05 13:45:54,BTCUSDT,bid,43000,1030.675
2024-08-05 13:46:43,BTCUSDT,bid,43000,1030.685
2024-08-05 13:47:26,BTCUSDT,bid,43000,1030.682
2024-08-05 13:48:04,BTCUSDT,bid,43000,1030.533
2024-08-05 13:48:07,BTCUSDT,bid,43000,1030.51
2024-08-05 13:48:53,BTCUSDT,bid,43000,1030.231
2024-08-05 13:49:18,BTCUSDT,bid,43000,1031.064
2024-08-05 13:49:31,BTCUSDT,bid,43000,1030.599
2024-08-05 13:50:18,BTCUSDT,bid,43000,1030.605
2024-08-05 13:50:20,BTCUSDT,bid,43000,1030.595
2024-08-05 13:50:42,BTCUSDT,bid,43000,1030.562
2024-08-05 13:51:45,BTCUSDT,bid,43000,1030.575
2024-08-05 13:51:49,BTCUSDT,bid,43000,1030.613
2024-08-05 13:51:51,BTCUSDT,bid,43000,1027.175
2024-08-05 13:52:03,BTCUSDT,bid,43000,1026.342
2024-08-05 13:52:20,BTCUSDT,bid,43000,1026.292
2024-08-05 13:52:24,BTCUSDT,bid,43000,1026.295
2024-08-05 13:52:28,BTCUSDT,bid,43000,1026.298
2024-08-05 13:52:44,BTCUSDT,bid,43000,1026.286
2024-08-05 13:53:27,BTCUSDT,bid,43000,1026.793
2024-08-05 13:53:28,BTCUSDT,bid,43000,1026.878
2024-08-05 13:53:41,BTCUSDT,bid,43000,1027.33
2024-08-05 13:54:43,BTCUSDT,bid,43000,1027.357
2024-08-05 13:54:52,BTCUSDT,bid,43000,1027.295
2024-08-05 13:55:44,BTCUSDT,bid,43000,1027.88
2024-08-05 13:55:57,BTCUSDT,bid,43000,1027.877
2024-08-05 13:57:27,BTCUSDT,bid,43000,1028.877
2024-08-05 13:58:05,BTCUSDT,bid,43000,1029.474
2024-08-05 13:58:28,BTCUSDT,bid,43000,1028.967
2024-08-05 13:58:33,BTCUSDT,bid,43000,1028.977
2024-08-05 13:58:41,BTCUSDT,bid,43000,1028.98
2024-08-05 13:59:14,BTCUSDT,bid,43000,1028.974
2024-08-05 13:59:56,BTCUSDT,bid,43000,1028.724
2024-08-05 14:00:20,BTCUSDT,bid,43000,1028.793
2024-08-05 14:00:49,BTCUSDT,bid,43000,1028.796
2024-08-05 14:02:54,BTCUSDT,bid,43000,1029.096
2024-08-05 14:03:02,BTCUSDT,bid,43000,1029.046
2024-08-05 14:03:03,BTCUSDT,bid,43000,1028.746
2024-08-05 14:03:07,BTCUSDT,bid,43000,1028.731
2024-08-05 14:03:10,BTCUSDT,bid,43000,1028.849
2024-08-05 14:03:10,BTCUSDT,bid,43000,1028.904
2024-08-05 14:03:11,BTCUSDT,bid,43000,1029.304
2024-08-05 14:03:11,BTCUSDT,bid,43000,1029.249
2024-08-05 14:04:09,BTCUSDT,bid,43000,1029.312
2024-08-05 14:04:16,BTCUSDT,bid,43000,1029.577
2024-08-05 14:05:39,BTCUSDT,bid,43000,1029.639
2024-08-05 14:05:54,BTCUSDT,bid,43000,1029.694
2024-08-05 14:06:19,BTCUSDT,bid,43000,1028.694
2024-08-05 14:06:49,BTCUSDT,bid,43000,1031.019
2024-08-05 14:07:05,BTCUSDT,bid,43000,1031.087
2024-08-05 14:07:06,BTCUSDT,bid,43000,1031.093
2024-08-05 14:07:22,BTCUSDT,bid,43000,1031.025
2024-08-05 14:07:48,BTCUSDT,bid,43000,1031.093
2024-08-05 14:07:49,BTCUSDT,bid,43000,1031.565
2024-08-05 14:07:56,BTCUSDT,bid,43000,1031.577
2024-08-05 14:08:06,BTCUSDT,bid,43000,1031.83
2024-08-05 14:08:48,BTCUSDT,bid,43000,1031.577
2024-08-05 14:08:57,BTCUSDT,bid,43000,1031.83
2024-08-05 14:09:28,BTCUSDT,bid,43000,1031.768
2024-08-05 14:09:37,BTCUSDT,bid,43000,1031.753
2024-08-05 14:09:58,BTCUSDT,bid,43000,1031.755
2024-08-05 14:10:54,BTCUSDT,bid,43000,1031.765
2024-08-05 14:11:04,BTCUSDT,bid,43000,1031.823
2024-08-05 14:11:11,BTCUSDT,bid,43000,1031.489
2024-08-05 15:22:17,BTCUSDT,ask,56700,589.91
2024-08-05 15:24:39,BTCUSDT,ask,56700,589.914
2024-08-05 15:38:19,BTCUSDT,ask,56700,589.841
2024-08-05 15:54:55,BTCUSDT,ask,56700,590.206
2024-08-05 16:16:09,BTCUSDT,bid,47000,910.47
2024-08-05 16:16:30,BTCUSDT,bid,47100,800.023
2024-08-05 16:16:48,BTCUSDT,bid,47300,804.634
2024-08-05 16:16:49,BTCUSDT,bid,47000,910.252
2024-08-05 16:17:09,BTCUSDT,bid,47500,652.561
2024-08-05 16:17:12,BTCUSDT,bid,47500,652.558
2024-08-05 16:17:12,BTCUSDT,bid,47500,652.555
2024-08-05 16:17:46,BTCUSDT,bid,47500,652.527
2024-08-05 16:18:00,BTCUSDT,bid,47000,910.255
2024-08-05 16:18:27,BTCUSDT,bid,47500,652.519
2024-08-05 16:18:54,BTCUSDT,bid,47000,910.263
2024-08-05 16:18:59,BTCUSDT,bid,47300,804.686
2024-08-05 16:19:02,BTCUSDT,bid,47500,652.522
2024-08-05 16:19:04,BTCUSDT,bid,47500,652.525
2024-08-05 16:19:08,BTCUSDT,bid,47500,652.522
2024-08-05 16:19:13,BTCUSDT,bid,47500,652.519
2024-08-05 16:19:20,BTCUSDT,bid,47500,652.522
2024-08-05 16:19:21,BTCUSDT,bid,47000,910.269
2024-08-05 16:19:23,BTCUSDT,bid,47000,910.255
2024-08-05 16:19:25,BTCUSDT,bid,47300,804.634
2024-08-05 16:19:30,BTCUSDT,bid,47500,652.519
2024-08-05 16:19:55,BTCUSDT,bid,47000,910.623
2024-08-05 16:20:04,BTCUSDT,bid,47500,652.571
2024-08-05 16:22:18,BTCUSDT,bid,47000,910.255
2024-08-05 16:23:00,BTCUSDT,bid,47000,910.297
2024-08-05 16:23:06,BTCUSDT,bid,47500,652.574
2024-08-05 16:23:40,BTCUSDT,bid,47500,652.571
2024-08-05 16:23:42,BTCUSDT,bid,47500,652.567
2024-08-05 16:23:51,BTCUSDT,bid,47100,800.101
2024-08-05 16:24:36,BTCUSDT,bid,47500,652.573
2024-08-05 16:24:45,BTCUSDT,bid,47300,804.654
2024-08-05 16:25:08,BTCUSDT,bid,47500,652.57
2024-08-05 16:25:08,BTCUSDT,bid,47500,652.567
2024-08-05 16:25:46,BTCUSDT,bid,47500,652.564
2024-08-05 16:26:10,BTCUSDT,bid,47000,910.289
2024-08-05 16:26:27,BTCUSDT,bid,47500,652.501
2024-08-05 16:26:42,BTCUSDT,bid,47000,910.31
2024-08-05 16:28:13,BTCUSDT,bid,47300,804.657
2024-08-05 16:28:32,BTCUSDT,bid,47500,652.54
2024-08-05 16:29:14,BTCUSDT,bid,47500,652.44
2024-08-05 16:29:15,BTCUSDT,bid,47500,652.443
2024-08-05 16:29:34,BTCUSDT,bid,47000,910.315
2024-08-05 16:30:07,BTCUSDT,bid,47500,652.543
2024-08-05 16:30:11,BTCUSDT,bid,47000,909.252
2024-08-05 16:30:13,BTCUSDT,bid,47300,804.66
2024-08-05 16:30:22,BTCUSDT,bid,47000,909.258
2024-08-05 16:30:41,BTCUSDT,bid,47000,909.279
2024-08-05 16:30:48,BTCUSDT,bid,47500,652.704
2024-08-05 16:30:53,BTCUSDT,bid,47000,909.274
2024-08-05 16:31:23,BTCUSDT,bid,47000,1025.421
2024-08-05 16:31:57,BTCUSDT,bid,47000,1025.4
2024-08-05 16:32:00,BTCUSDT,bid,47000,1025.6
2024-08-05 16:32:02,BTCUSDT,bid,47000,1025.631
2024-08-05 16:32:03,BTCUSDT,bid,47000,1025.634
2024-08-05 16:32:30,BTCUSDT,bid,47000,1025.869
2024-08-05 16:32:31,BTCUSDT,bid,47500,652.724
2024-08-05 16:33:04,BTCUSDT,bid,47000,1025.89
2024-08-05 16:33:30,BTCUSDT,bid,47000,1025.825
2024-08-05 16:34:15,BTCUSDT,bid,47500,652.721
2024-08-05 16:34:58,BTCUSDT,bid,47000,1025.745
2024-08-05 16:35:24,BTCUSDT,bid,47000,1025.735
2024-08-05 16:35:25,BTCUSDT,bid,47000,1047.01
2024-08-05 16:36:57,BTCUSDT,bid,47500,652.669
2024-08-05 16:37:00,BTCUSDT,bid,47500,652.644
2024-08-05 16:37:04,BTCUSDT,bid,47300,804.671
2024-08-05 16:37:09,BTCUSDT,bid,47500,652.712
2024-08-05 16:38:14,BTCUSDT,bid,47500,652.644
2024-08-05 16:38:35,BTCUSDT,bid,47000,1047.819
2024-08-05 16:38:40,BTCUSDT,bid,47000,1048.058
2024-08-05 16:39:51,BTCUSDT,bid,47500,652.776
2024-08-05 16:39:53,BTCUSDT,bid,47500,653.176
2024-08-05 16:40:10,BTCUSDT,bid,47500,653.2
2024-08-05 16:40:26,BTCUSDT,bid,47000,1048.062
2024-08-05 16:40:49,BTCUSDT,bid,47000,1047.637
2024-08-05 16:40:58,BTCUSDT,bid,47000,1047.633
2024-08-05 16:41:17,BTCUSDT,bid,47500,653.252
2024-08-05 16:41:44,BTCUSDT,bid,47000,1047.57
2024-08-05 16:41:50,BTCUSDT,bid,47000,1047.67
2024-08-05 16:42:57,BTCUSDT,bid,47500,653.633
2024-08-05 16:43:09,BTCUSDT,bid,47000,1047.702
2024-08-05 16:43:09,BTCUSDT,bid,47500,653.673
2024-08-05 16:44:47,BTCUSDT,bid,47000,1047.699
2024-08-05 16:44:49,BTCUSDT,bid,47000,1047.702
2024-08-05 16:45:18,BTCUSDT,bid,47000,1047.714
2024-08-05 16:45:37,BTCUSDT,bid,47000,1046.905
2024-08-05 16:46:09,BTCUSDT,bid,47000,1046.908
2024-08-05 16:46:20,BTCUSDT,bid,47500,653.292
2024-08-05 16:46:28,BTCUSDT,bid,47500,653.355
2024-08-05 16:46:33,BTCUSDT,bid,47500,653.904
2024-08-05 16:47:00,BTCUSDT,bid,47000,1046.92
2024-08-05 16:47:03,BTCUSDT,bid,47000,1046.916
2024-08-05 16:47:03,BTCUSDT,bid,47000,1046.912
2024-08-05 16:47:17,BTCUSDT,bid,47000,1046.917
2024-08-05 16:47:23,BTCUSDT,bid,47500,653.909
2024-08-05 16:47:24,BTCUSDT,bid,47500,653.914
2024-08-05 16:48:03,BTCUSDT,bid,47500,654.223
2024-08-05 16:48:22,BTCUSDT,bid,47000,1046.925
2024-08-05 16:48:22,BTCUSDT,bid,47000,1046.928
2024-08-05 16:48:33,BTCUSDT,bid,47500,654.723
2024-08-05 16:48:34,BTCUSDT,bid,47000,1046.728
2024-08-05 16:48:36,BTCUSDT,bid,47500,654.623
2024-08-05 16:48:37,BTCUSDT,bid,47000,1046.888
2024-08-05 16:48:39,BTCUSDT,bid,47500,654.529
2024-08-05 16:48:41,BTCUSDT,bid,47000,1046.918
2024-08-05 16:48:53,BTCUSDT,bid,47500,654.741
2024-08-05 16:49:00,BTCUSDT,bid,47000,1047.133
2024-08-05 16:49:11,BTCUSDT,bid,47000,1047.139
2024-08-05 16:49:19,BTCUSDT,bid,47000,1047.145
2024-08-05 16:49:19,BTCUSDT,bid,47500,654.753
2024-08-05 16:49:26,BTCUSDT,bid,47000,1047.137
2024-08-05 16:49:31,BTCUSDT,bid,47000,1047.182
2024-08-05 16:49:33,BTCUSDT,bid,47000,1047.393
2024-08-05 16:49:41,BTCUSDT,bid,47000,1046.393
2024-08-05 16:49:41,BTCUSDT,bid,47000,1046.397
2024-08-05 16:49:43,BTCUSDT,bid,47500,654.697
2024-08-05 16:49:50,BTCUSDT,bid,47000,1046.217
2024-08-05 16:49:56,BTCUSDT,bid,47000,1046.197
2024-08-05 16:49:56,BTCUSDT,bid,47500,654.687
2024-08-05 16:50:11,BTCUSDT,bid,47000,1046.212
2024-08-05 16:50:14,BTCUSDT,bid,47500,654.69
2024-08-05 16:50:15,BTCUSDT,bid,47000,1046.184
2024-08-05 16:50:19,BTCUSDT,bid,47000,1046.187
2024-08-05 16:50:20,BTCUSDT,bid,47000,1046.595
2024-08-05 16:50:21,BTCUSDT,bid,47300,804.871
2024-08-05 16:50:31,BTCUSDT,bid,47000,930.448
2024-08-05 16:50:31,BTCUSDT,bid,47000,930.452
2024-08-05 16:50:41,BTCUSDT,bid,47000,930.558
2024-08-05 16:50:45,BTCUSDT,bid,47500,654.777
2024-08-05 16:50:50,BTCUSDT,bid,47000,930.561
2024-08-05 16:50:50,BTCUSDT,bid,47500,654.782
2024-08-05 16:50:51,BTCUSDT,bid,47000,930.557
2024-08-05 16:50:58,BTCUSDT,bid,47000,930.601
2024-08-05 16:51:00,BTCUSDT,bid,47500,654.797
2024-08-05 16:51:09,BTCUSDT,bid,47000,930.495
2024-08-05 16:51:10,BTCUSDT,bid,47500,656.297
2024-08-05 16:51:14,BTCUSDT,bid,47500,654.797
2024-08-05 16:51:17,BTCUSDT,bid,47500,654.807
2024-08-05 16:51:19,BTCUSDT,bid,47000,931.058
2024-08-05 16:51:19,BTCUSDT,bid,47000,930.847
2024-08-05 16:51:33,BTCUSDT,bid,47500,655.307
2024-08-05 16:51:42,BTCUSDT,bid,47500,654.807
2024-08-05 16:51:43,BTCUSDT,bid,47000,930.861
2024-08-05 16:51:54,BTCUSDT,ask,56700,589.246
2024-08-05 16:52:07,BTCUSDT,bid,47000,930.816
2024-08-05 16:52:13,BTCUSDT,bid,47500,654.787
2024-08-05 16:52:14,BTCUSDT,bid,47000,930.786
2024-08-05 16:52:16,BTCUSDT,bid,47500,654.812
2024-08-05 16:52:16,BTCUSDT,bid,47000,931.424
2024-08-05 16:52:16,BTCUSDT,bid,47300,804.874
2024-08-05 16:52:24,BTCUSDT,bid,47000,930.923
2024-08-05 16:52:24,BTCUSDT,bid,47000,930.92
2024-08-05 16:52:27,BTCUSDT,bid,47000,930.926
2024-08-05 16:52:32,BTCUSDT,bid,47300,804.674
2024-08-05 16:53:23,BTCUSDT,bid,47000,930.936
2024-08-05 16:53:23,BTCUSDT,bid,47500,654.822
2024-08-05 16:53:28,BTCUSDT,bid,47000,930.946
2024-08-05 16:54:11,BTCUSDT,bid,47500,655.137
2024-08-05 16:54:25,BTCUSDT,bid,47500,655.141
2024-08-05 16:54:29,BTCUSDT,bid,47000,930.95
2024-08-05 16:54:35,BTCUSDT,bid,47000,931.15
2024-08-05 16:54:39,BTCUSDT,bid,47500,655.151
2024-08-05 16:54:45,BTCUSDT,bid,47000,931.16
2024-08-05 16:55:02,BTCUSDT,bid,47000,931.691
2024-08-05 16:55:07,BTCUSDT,bid,47000,931.726
2024-08-05 16:55:09,BTCUSDT,bid,47000,931.722
2024-08-05 16:55:10,BTCUSDT,bid,47000,931.399
2024-08-05 16:55:13,BTCUSDT,bid,47500,654.99
2024-08-05 16:55:22,BTCUSDT,bid,47000,931.724
2024-08-05 16:55:28,BTCUSDT,bid,47000,931.721
2024-08-05 16:55:30,BTCUSDT,bid,47000,931.771
2024-08-05 16:55:59,BTCUSDT,bid,47500,654.95
2024-08-05 16:56:00,BTCUSDT,bid,47000,931.858
2024-08-05 16:56:17,BTCUSDT,bid,47000,931.861
2024-08-05 16:56:26,BTCUSDT,bid,47500,655.832
2024-08-05 16:56:28,BTCUSDT,bid,47000,931.847
2024-08-05 16:56:56,BTCUSDT,bid,47500,655.858
2024-08-05 16:57:06,BTCUSDT,bid,47000,931.647
2024-08-05 16:57:19,BTCUSDT,bid,47500,655.863
2024-08-05 16:57:20,BTCUSDT,bid,47100,800.101
2024-08-05 16:57:28,BTCUSDT,bid,47000,931.632
2024-08-05 16:57:32,BTCUSDT,bid,47000,931.637
2024-08-05 16:57:47,BTCUSDT,bid,47000,931.658
2024-08-05 16:58:07,BTCUSDT,bid,47100,800.104
2024-08-05 16:58:07,BTCUSDT,bid,47100,800.101
2024-08-05 16:58:14,BTCUSDT,bid,47000,931.858
2024-08-05 16:59:11,BTCUSDT,bid,47000,931.852
2024-08-05 16:59:19,BTCUSDT,bid,47000,931.855
2024-08-05 16:59:19,BTCUSDT,bid,47500,655.868
2024-08-05 16:59:30,BTCUSDT,bid,47000,931.851
2024-08-05 16:59:30,BTCUSDT,bid,47300,804.672
2024-08-05 16:59:57,BTCUSDT,bid,47000,931.859
2024-08-05 17:00:52,BTCUSDT,bid,47000,931.855
2024-08-05 17:01:14,BTCUSDT,bid,47000,931.905
2024-08-05 17:01:18,BTCUSDT,bid,47000,931.805
2024-08-05 17:01:20,BTCUSDT,bid,47000,931.986
2024-08-05 17:01:53,BTCUSDT,bid,47000,931.998
2024-08-05 17:02:20,BTCUSDT,bid,47000,931.954
2024-08-05 17:02:48,BTCUSDT,bid,47500,655.968
2024-08-05 17:03:32,BTCUSDT,bid,47000,931.922
2024-08-05 17:05:00,BTCUSDT,bid,47100,800.101
2024-08-05 17:05:11,BTCUSDT,bid,47000,931.872
2024-08-05 17:05:12,BTCUSDT,bid,47100,800.104
2024-08-05 17:05:18,BTCUSDT,bid,47100,800.101
2024-08-05 17:05:18,BTCUSDT,bid,47000,931.234
2024-08-05 17:05:18,BTCUSDT,bid,47000,931.66
2024-08-05 17:06:24,BTCUSDT,bid,47000,931.76
2024-08-05 17:06:53,BTCUSDT,bid,47000,931.781
2024-08-05 17:07:13,BTCUSDT,bid,47000,931.218
2024-08-05 17:07:31,BTCUSDT,bid,47000,929.839
2024-08-05 17:07:38,BTCUSDT,bid,47000,929.818
2024-08-05 17:08:28,BTCUSDT,bid,47000,929.821
2024-08-05 17:09:16,BTCUSDT,bid,47500,656.099
2024-08-05 17:09:57,BTCUSDT,bid,47500,655.968
2024-08-05 17:10:07,BTCUSDT,bid,47500,655.989
2024-08-05 17:10:23,BTCUSDT,bid,47000,929.826
2024-08-05 17:11:06,BTCUSDT,bid,47000,929.831
2024-08-05 17:11:08,BTCUSDT,bid,47000,929.835
2024-08-05 17:11:22,BTCUSDT,bid,47000,929.871
2024-08-05 17:11:31,BTCUSDT,bid,47500,656.015
2024-08-05 17:11:52,BTCUSDT,bid,47000,930.083
2024-08-05 17:12:19,BTCUSDT,bid,47500,656.067
2024-08-05 17:12:25,BTCUSDT,bid,47000,930.062
2024-08-05 17:12:32,BTCUSDT,bid,47500,656.072
2024-08-05 17:13:15,BTCUSDT,bid,47000,930.07
2024-08-05 17:13:25,BTCUSDT,bid,47500,656.142
2024-08-05 17:13:34,BTCUSDT,bid,47500,656.169
2024-08-05 17:13:54,BTCUSDT,bid,47000,930.097
2024-08-05 17:14:06,BTCUSDT,bid,47000,908.822
2024-08-05 17:14:06,BTCUSDT,bid,47500,677.22
2024-08-05 17:14:18,BTCUSDT,bid,47500,677.226
2024-08-05 17:14:21,BTCUSDT,bid,47000,908.832
2024-08-05 17:14:43,BTCUSDT,bid,47000,909.044
2024-08-05 17:14:46,BTCUSDT,bid,47000,908.588
2024-08-05 17:14:49,BTCUSDT,bid,47000,908.162
2024-08-05 17:14:55,BTCUSDT,bid,47300,803.077
2024-08-05 17:15:13,BTCUSDT,bid,47000,908.165
2024-08-05 17:15:22,BTCUSDT,bid,47500,676.911
2024-08-05 17:15:28,BTCUSDT,bid,47000,908.005
2024-08-05 17:16:11,BTCUSDT,bid,47000,908.065
2024-08-05 17:16:13,BTCUSDT,bid,47000,908.107
2024-08-05 17:16:15,BTCUSDT,bid,47000,908.289
2024-08-05 17:16:30,BTCUSDT,bid,47000,908.318
2024-08-05 17:16:42,BTCUSDT,bid,47000,909.818
2024-08-05 17:17:02,BTCUSDT,bid,47000,909.823
2024-08-05 17:17:13,BTCUSDT,bid,47500,677.121
2024-08-05 17:17:17,BTCUSDT,bid,47500,677.046
2024-08-05 17:17:22,BTCUSDT,bid,47300,803.281
2024-08-05 17:17:27,BTCUSDT,bid,47000,909.791
2024-08-05 17:17:38,BTCUSDT,bid,47500,677.058
2024-08-05 17:17:42,BTCUSDT,bid,47500,677.068
2024-08-05 17:18:05,BTCUSDT,bid,47000,909.883
2024-08-05 17:18:07,BTCUSDT,bid,47500,677.065
2024-08-05 17:18:11,BTCUSDT,bid,47000,909.841
2024-08-05 17:18:14,BTCUSDT,bid,47000,909.838
2024-08-05 17:18:19,BTCUSDT,bid,47000,909.849
2024-08-05 17:18:20,BTCUSDT,bid,47000,909.842
2024-08-05 17:18:26,BTCUSDT,bid,47000,909.642
2024-08-05 17:18:26,BTCUSDT,bid,47500,677.265
2024-08-05 17:18:43,BTCUSDT,bid,47500,676.949
2024-08-05 17:18:59,BTCUSDT,bid,47000,909.682
2024-08-05 17:19:05,BTCUSDT,bid,47000,909.688
2024-08-05 17:19:09,BTCUSDT,bid,47000,909.691
2024-08-05 17:19:36,BTCUSDT,bid,47000,909.713
2024-08-05 17:19:57,BTCUSDT,bid,47000,909.72
2024-08-05 17:20:38,BTCUSDT,bid,47000,909.587
2024-08-05 17:20:40,BTCUSDT,bid,47000,909.6
2024-08-05 17:20:41,BTCUSDT,bid,47000,909.812
2024-08-05 17:20:48,BTCUSDT,bid,47500,676.952
2024-08-05 17:20:51,BTCUSDT,bid,47500,676.802
2024-08-05 17:21:02,BTCUSDT,bid,47500,676.752
2024-08-05 17:21:03,BTCUSDT,bid,47000,909.794
2024-08-05 17:21:15,BTCUSDT,bid,47500,676.77
2024-08-05 17:21:21,BTCUSDT,bid,47000,909.694
2024-08-05 17:21:30,BTCUSDT,bid,47000,909.672
2024-08-05 17:21:33,BTCUSDT,bid,47000,910.42
2024-08-05 17:21:37,BTCUSDT,bid,47000,910.484
2024-08-05 17:21:44,BTCUSDT,bid,47500,676.773
2024-08-05 17:21:51,BTCUSDT,bid,47000,910.462
2024-08-05 17:22:04,BTCUSDT,bid,47000,910.476
2024-08-05 17:22:12,BTCUSDT,bid,47000,910.507
2024-08-05 17:22:23,BTCUSDT,bid,47500,676.792
2024-08-05 17:22:25,BTCUSDT,bid,47000,910.486
2024-08-05 17:22:39,BTCUSDT,bid,47000,910.636
2024-08-05 17:22:45,BTCUSDT,bid,47000,910.647
2024-08-05 17:23:07,BTCUSDT,bid,47000,910.583
2024-08-05 17:23:11,BTCUSDT,bid,47000,910.175
2024-08-05 17:23:23,BTCUSDT,bid,47000,910.18
2024-08-05 17:23:27,BTCUSDT,bid,47000,910.234
2024-08-05 17:23:52,BTCUSDT,bid,47000,910.239
2024-08-05 17:23:57,BTCUSDT,bid,47000,910.234
2024-08-05 17:24:05,BTCUSDT,bid,47000,910.18
2024-08-05 17:24:10,BTCUSDT,bid,47000,912.115
2024-08-05 17:24:24,BTCUSDT,bid,47000,910.615
2024-08-05 17:24:26,BTCUSDT,bid,47000,910.573
2024-08-05 17:24:40,BTCUSDT,bid,47000,911.106
2024-08-05 17:24:56,BTCUSDT,bid,47300,803.296
2024-08-05 17:24:59,BTCUSDT,bid,47000,911.056
2024-08-05 17:25:04,BTCUSDT,bid,47000,910.869
2024-08-05 17:25:05,BTCUSDT,bid,47000,910.916
2024-08-05 17:25:11,BTCUSDT,bid,47000,910.734
2024-08-05 17:25:12,BTCUSDT,bid,47000,914.669
2024-08-05 17:25:16,BTCUSDT,bid,47000,920.681
2024-08-05 17:25:18,BTCUSDT,bid,47000,918.746
2024-08-05 17:25:26,BTCUSDT,bid,47500,676.66
2024-08-05 17:25:40,BTCUSDT,bid,47500,676.902
2024-08-05 17:25:46,BTCUSDT,bid,47000,918.928
2024-08-05 17:26:06,BTCUSDT,bid,47300,803.311
2024-08-05 17:26:07,BTCUSDT,bid,47000,912.916
2024-08-05 17:26:08,BTCUSDT,bid,47000,912.677
2024-08-05 17:26:12,BTCUSDT,bid,47000,911.929
2024-08-05 17:26:16,BTCUSDT,bid,47000,911.932
2024-08-05 17:26:18,BTCUSDT,bid,47000,911.996
2024-08-05 17:26:19,BTCUSDT,bid,47500,676.911
2024-08-05 17:26:27,BTCUSDT,bid,47500,676.669
2024-08-05 17:26:40,BTCUSDT,bid,47000,911.993
2024-08-05 17:26:56,BTCUSDT,bid,47000,912.0
2024-08-05 17:27:11,BTCUSDT,bid,47000,911.979
2024-08-05 17:27:38,BTCUSDT,bid,47000,911.974
2024-08-05 17:27:44,BTCUSDT,bid,47300,803.269
2024-08-05 17:27:49,BTCUSDT,bid,47000,912.627
2024-08-05 17:27:53,BTCUSDT,bid,47500,678.669
2024-08-05 17:27:54,BTCUSDT,bid,47500,678.889
2024-08-05 17:27:59,BTCUSDT,bid,47500,678.931
2024-08-05 17:27:59,BTCUSDT,bid,47000,912.644
2024-08-05 17:28:05,BTCUSDT,bid,47000,912.638
2024-08-05 17:28:15,BTCUSDT,bid,47000,912.438
2024-08-05 17:28:19,BTCUSDT,bid,47500,679.056
2024-08-05 17:28:20,BTCUSDT,bid,47000,918.438
2024-08-05 17:28:21,BTCUSDT,bid,47500,679.059
2024-08-05 17:28:23,BTCUSDT,bid,47300,803.903
2024-08-05 17:28:23,BTCUSDT,bid,47000,918.432
2024-08-05 17:28:29,BTCUSDT,bid,47000,918.509
2024-08-05 17:28:30,BTCUSDT,bid,47000,918.529
2024-08-05 17:28:31,BTCUSDT,bid,47300,803.908
2024-08-05 17:28:34,BTCUSDT,bid,47000,918.593
2024-08-05 17:28:34,BTCUSDT,bid,47000,918.624
2024-08-05 17:28:35,BTCUSDT,bid,47000,918.961
2024-08-05 17:28:37,BTCUSDT,bid,47000,918.964
2024-08-05 17:28:42,BTCUSDT,bid,47000,918.996
2024-08-05 17:28:51,BTCUSDT,bid,47000,919.034
2024-08-05 17:29:11,BTCUSDT,bid,47000,919.044
2024-08-05 17:29:14,BTCUSDT,bid,47000,919.794
2024-08-05 17:29:27,BTCUSDT,bid,47500,679.056
2024-08-05 17:29:28,BTCUSDT,bid,47000,920.542
2024-08-05 17:29:32,BTCUSDT,bid,47500,678.986
2024-08-05 17:29:32,BTCUSDT,bid,47000,920.511
2024-08-05 17:29:32,BTCUSDT,bid,47500,679.016
2024-08-05 17:29:33,BTCUSDT,bid,47000,920.512
2024-08-05 17:29:34,BTCUSDT,bid,47000,920.518
2024-08-05 17:29:38,BTCUSDT,bid,47000,920.578
2024-08-05 17:29:39,BTCUSDT,bid,47000,920.514
2024-08-05 17:29:39,BTCUSDT,bid,47000,920.494
2024-08-05 17:29:41,BTCUSDT,bid,47000,920.493
2024-08-05 17:29:50,BTCUSDT,bid,47000,920.514
2024-08-05 17:29:54,BTCUSDT,bid,47000,920.579
2024-08-05 17:29:55,BTCUSDT,bid,47000,920.601
2024-08-05 17:29:57,BTCUSDT,bid,47500,679.042
2024-08-05 17:30:07,BTCUSDT,bid,47000,920.569
2024-08-05 17:30:09,BTCUSDT,bid,47000,920.56
2024-08-05 17:30:40,BTCUSDT,bid,47000,920.564
2024-08-05 17:30:45,BTCUSDT,bid,47500,679.092
2024-08-05 17:30:49,BTCUSDT,bid,47000,920.558
2024-08-05 17:31:06,BTCUSDT,bid,47000,920.657
2024-08-05 17:31:29,BTCUSDT,bid,47500,679.067
2024-08-05 17:31:35,BTCUSDT,bid,47500,679.277
2024-08-05 17:31:59,BTCUSDT,bid,47000,920.654
2024-08-05 17:32:00,BTCUSDT,bid,47500,679.285
2024-08-05 17:32:43,BTCUSDT,bid,47500,679.235
2024-08-05 17:33:16,BTCUSDT,bid,47500,679.34
2024-08-05 17:33:24,BTCUSDT,bid,47000,920.787
2024-08-05 17:33:31,BTCUSDT,bid,47000,920.829
2024-08-05 17:33:52,BTCUSDT,bid,47000,920.921
2024-08-05 17:33:52,BTCUSDT,bid,47000,920.918
2024-08-05 17:33:57,BTCUSDT,bid,47500,679.31
2024-08-05 17:34:09,BTCUSDT,bid,47000,920.581
2024-08-05 17:34:24,BTCUSDT,bid,47000,920.637
2024-08-05 17:34:50,BTCUSDT,bid,47000,920.467
2024-08-05 17:34:57,BTCUSDT,bid,47000,921.53
2024-08-05 17:35:01,BTCUSDT,bid,47300,803.928
2024-08-05 17:35:02,BTCUSDT,bid,47500,679.303
2024-08-05 17:35:05,BTCUSDT,bid,47500,677.198
2024-08-05 17:35:08,BTCUSDT,bid,47000,921.577
2024-08-05 17:35:23,BTCUSDT,bid,47500,677.958
2024-08-05 17:35:24,BTCUSDT,bid,47000,921.584
2024-08-05 17:35:32,BTCUSDT,bid,47000,921.587
2024-08-05 17:35:36,BTCUSDT,bid,47000,921.598
2024-08-05 17:35:41,BTCUSDT,bid,47000,921.648
2024-08-05 17:35:44,BTCUSDT,bid,47500,678.059
2024-08-05 17:35:47,BTCUSDT,bid,47000,922.126
2024-08-05 17:36:04,BTCUSDT,bid,47000,922.121
2024-08-05 17:36:14,BTCUSDT,bid,47000,922.127
2024-08-05 17:36:15,BTCUSDT,bid,47500,678.064
2024-08-05 17:36:15,BTCUSDT,bid,47500,678.051
2024-08-05 17:36:16,BTCUSDT,bid,47000,922.173
2024-08-05 17:36:35,BTCUSDT,bid,47500,678.054
2024-08-05 17:36:41,BTCUSDT,bid,47000,922.233
2024-08-05 17:36:43,BTCUSDT,bid,47500,678.068
2024-08-05 17:36:47,BTCUSDT,bid,47000,922.497
2024-08-05 17:37:12,BTCUSDT,bid,47000,922.347
2024-08-05 17:37:15,BTCUSDT,bid,47000,922.351
2024-08-05 17:37:21,BTCUSDT,bid,47300,803.932
2024-08-05 17:37:28,BTCUSDT,bid,47000,921.601
2024-08-05 17:37:44,BTCUSDT,bid,47500,678.118
2024-08-05 17:37:46,BTCUSDT,bid,47000,921.555
2024-08-05 17:37:47,BTCUSDT,bid,47000,921.526
2024-08-05 17:37:47,BTCUSDT,bid,47000,921.529
2024-08-05 17:37:53,BTCUSDT,bid,47500,677.908
2024-08-05 17:38:01,BTCUSDT,bid,47000,921.699
2024-08-05 17:38:07,BTCUSDT,bid,47000,922.058
2024-08-05 17:38:08,BTCUSDT,bid,47000,922.061
2024-08-05 17:38:12,BTCUSDT,bid,47500,677.858
2024-08-05 17:38:26,BTCUSDT,bid,47000,922.161
2024-08-05 17:38:44,BTCUSDT,bid,47000,922.181
2024-08-05 17:38:46,BTCUSDT,bid,47500,656.807
2024-08-05 17:38:50,BTCUSDT,bid,47000,922.215
2024-08-05 17:38:51,BTCUSDT,bid,47000,922.267
2024-08-05 17:38:56,BTCUSDT,bid,47300,803.921
2024-08-05 17:39:02,BTCUSDT,bid,47500,656.853
2024-08-05 17:39:02,BTCUSDT,bid,47000,922.627
2024-08-05 17:39:03,BTCUSDT,bid,47000,922.632
2024-08-05 17:39:06,BTCUSDT,bid,47500,655.993
2024-08-05 17:39:12,BTCUSDT,bid,47500,655.868
2024-08-05 17:39:14,BTCUSDT,bid,47500,655.857
2024-08-05 17:39:15,BTCUSDT,bid,47000,922.844
2024-08-05 17:39:21,BTCUSDT,bid,47500,659.857
2024-08-05 17:39:21,BTCUSDT,bid,47500,663.857
2024-08-05 17:39:23,BTCUSDT,bid,47500,655.857
2024-08-05 17:39:33,BTCUSDT,bid,47500,656.067
2024-08-05 17:39:35,BTCUSDT,bid,47500,656.064
2024-08-05 17:39:37,BTCUSDT,bid,47000,922.814
2024-08-05 17:39:40,BTCUSDT,bid,47000,922.808
2024-08-05 17:39:54,BTCUSDT,bid,47000,922.77
2024-08-05 17:39:56,BTCUSDT,bid,47000,924.038
2024-08-05 17:39:59,BTCUSDT,bid,47000,923.976
2024-08-05 17:40:07,BTCUSDT,bid,47000,924.906
2024-08-05 17:40:11,BTCUSDT,bid,47000,924.886
2024-08-05 17:40:12,BTCUSDT,bid,47500,656.067
2024-08-05 17:40:12,BTCUSDT,bid,47500,656.267
2024-08-05 17:40:22,BTCUSDT,bid,47000,924.891
2024-08-05 17:40:24,BTCUSDT,bid,47000,924.902
2024-08-05 17:40:29,BTCUSDT,bid,47500,656.424
2024-08-05 17:40:30,BTCUSDT,bid,47000,924.922
2024-08-05 17:40:36,BTCUSDT,bid,47000,922.788
2024-08-05 17:40:53,BTCUSDT,bid,47000,922.785
2024-08-05 17:41:00,BTCUSDT,bid,47500,656.378
2024-08-05 17:41:05,BTCUSDT,bid,47500,656.273
2024-08-05 17:41:09,BTCUSDT,bid,47000,922.79
2024-08-05 17:41:09,BTCUSDT,bid,47500,656.278
2024-08-05 17:41:11,BTCUSDT,bid,47000,922.799
2024-08-05 17:41:17,BTCUSDT,bid,47000,922.905
2024-08-05 17:41:28,BTCUSDT,bid,47500,656.306
2024-08-05 17:41:44,BTCUSDT,bid,47500,656.318
2024-08-05 17:41:46,BTCUSDT,bid,47000,922.908
2024-08-05 17:41:50,BTCUSDT,bid,47000,922.922
2024-08-05 17:41:55,BTCUSDT,bid,47500,656.325
2024-08-05 17:42:21,BTCUSDT,bid,47500,656.956
2024-08-05 17:42:22,BTCUSDT,bid,47500,657.056
2024-08-05 17:42:24,BTCUSDT,bid,47500,657.099
2024-08-05 17:42:36,BTCUSDT,bid,47500,656.869
2024-08-05 17:42:37,BTCUSDT,bid,47000,922.875
2024-08-05 17:42:47,BTCUSDT,bid,47000,922.373
2024-08-05 17:42:51,BTCUSDT,bid,47000,922.49
2024-08-05 17:42:53,BTCUSDT,bid,47000,922.607
2024-08-05 17:42:55,BTCUSDT,bid,47000,922.67
2024-08-05 17:43:00,BTCUSDT,bid,47000,922.722
2024-08-05 17:43:02,BTCUSDT,bid,47000,922.54
2024-08-05 17:43:03,BTCUSDT,bid,47500,656.872
2024-08-05 17:43:08,BTCUSDT,bid,47500,656.875
2024-08-05 17:43:09,BTCUSDT,bid,47000,922.891
2024-08-05 17:43:25,BTCUSDT,bid,47000,922.791
2024-08-05 17:43:30,BTCUSDT,bid,47000,922.787
2024-08-05 17:43:31,BTCUSDT,bid,47500,657.055
2024-08-05 17:43:59,BTCUSDT,bid,47000,922.797
2024-08-05 17:44:05,BTCUSDT,bid,47000,922.77
2024-08-05 17:44:05,BTCUSDT,bid,47500,657.028
2024-08-05 17:44:28,BTCUSDT,bid,47000,922.876
2024-08-05 17:44:30,BTCUSDT,bid,47000,922.128
2024-08-05 17:45:00,BTCUSDT,bid,47000,922.118
2024-08-05 17:45:04,BTCUSDT,bid,47500,657.023
2024-08-05 17:45:06,BTCUSDT,bid,47500,657.044
2024-08-05 17:45:13,BTCUSDT,bid,47500,656.864
2024-08-05 17:45:14,BTCUSDT,bid,47000,922.14
2024-08-05 17:45:24,BTCUSDT,bid,47000,922.143
2024-08-05 17:45:29,BTCUSDT,bid,47000,922.14
2024-08-05 17:45:30,BTCUSDT,bid,47000,916.14
2024-08-05 17:45:38,BTCUSDT,bid,47000,916.144
2024-08-05 17:45:52,BTCUSDT,bid,47300,804.08
2024-08-05 17:45:59,BTCUSDT,bid,47000,916.569
2024-08-05 17:46:01,BTCUSDT,bid,47300,804.182
2024-08-05 17:46:45,BTCUSDT,bid,47500,656.861
2024-08-05 17:46:53,BTCUSDT,bid,47000,916.59
2024-08-05 17:46:54,BTCUSDT,bid,47500,657.361
2024-08-05 17:47:03,BTCUSDT,bid,47000,916.587
2024-08-05 17:47:07,BTCUSDT,bid,47000,916.582
2024-08-05 17:47:13,BTCUSDT,bid,47000,916.588
2024-08-05 17:47:15,BTCUSDT,bid,47500,657.333
2024-08-05 17:47:16,BTCUSDT,bid,47000,916.688
2024-08-05 17:47:31,BTCUSDT,bid,47500,657.347
2024-08-05 17:47:52,BTCUSDT,bid,47000,916.677
2024-08-05 17:48:01,BTCUSDT,bid,47000,916.766
2024-08-05 17:48:04,BTCUSDT,bid,47500,657.344
2024-08-05 17:48:08,BTCUSDT,bid,47000,916.768
2024-08-05 17:48:09,BTCUSDT,bid,47500,657.352
2024-08-05 17:48:10,BTCUSDT,bid,47000,916.758
2024-08-05 17:48:15,BTCUSDT,bid,47500,657.142
2024-08-05 17:48:29,BTCUSDT,bid,47500,657.147
2024-08-05 17:48:31,BTCUSDT,bid,47000,916.789
2024-08-05 17:48:43,BTCUSDT,bid,47500,657.177
2024-08-05 17:48:46,BTCUSDT,bid,47500,657.477
2024-08-05 17:48:53,BTCUSDT,bid,47000,916.729
2024-08-05 17:49:04,BTCUSDT,bid,47500,657.531
2024-08-05 17:49:10,BTCUSDT,bid,47000,916.716
2024-08-05 17:49:18,BTCUSDT,bid,47300,804.172
2024-08-05 17:49:20,BTCUSDT,bid,47000,916.723
2024-08-05 17:49:24,BTCUSDT,bid,47000,916.776
2024-08-05 17:49:27,BTCUSDT,bid,47500,657.477
2024-08-05 17:49:29,BTCUSDT,bid,47300,804.255
2024-08-05 17:49:38,BTCUSDT,bid,47000,916.773
2024-08-05 17:49:42,BTCUSDT,bid,47000,916.778
2024-08-05 17:49:48,BTCUSDT,bid,47500,657.977
2024-08-05 17:49:53,BTCUSDT,bid,47500,658.031
2024-08-05 17:49:56,BTCUSDT,bid,47000,916.785
2024-08-05 17:49:56,BTCUSDT,bid,47500,658.041
2024-08-05 17:50:06,BTCUSDT,bid,47000,916.839
2024-08-05 17:50:21,BTCUSDT,bid,47000,916.854
2024-08-05 17:50:44,BTCUSDT,bid,47500,658.062
2024-08-05 17:50:45,BTCUSDT,bid,47500,658.067
2024-08-05 17:51:14,BTCUSDT,bid,47000,916.938
2024-08-05 17:51:26,BTCUSDT,bid,47000,916.928
2024-08-05 17:51:56,BTCUSDT,bid,47000,917.123
2024-08-05 17:51:56,BTCUSDT,bid,47500,658.262
2024-08-05 17:52:03,BTCUSDT,bid,47000,917.34
2024-08-05 17:52:09,BTCUSDT,ask,51200,879.371
2024-08-05 17:52:09,BTCUSDT,ask,51200,858.428
2024-08-05 17:52:09,BTCUSDT,ask,51200,857.436
2024-08-05 17:52:09,BTCUSDT,ask,51200,856.774
2024-08-05 17:52:09,BTCUSDT,ask,51200,856.029
2024-08-05 17:52:10,BTCUSDT,ask,51200,855.288
2024-08-05 17:52:10,BTCUSDT,ask,51200,855.289
2024-08-05 17:52:10,BTCUSDT,bid,47500,658.283
2024-08-05 17:52:10,BTCUSDT,ask,51200,855.269
2024-08-05 17:52:10,BTCUSDT,ask,51200,855.471
2024-08-05 17:52:11,BTCUSDT,ask,51200,856.254
2024-08-05 17:52:11,BTCUSDT,ask,51200,855.473
2024-08-05 17:52:12,BTCUSDT,ask,51200,855.478
2024-08-05 17:52:13,BTCUSDT,ask,51200,855.473
2024-08-05 17:52:14,BTCUSDT,ask,51200,855.506
2024-08-05 17:52:23,BTCUSDT,bid,47000,917.335
2024-08-05 17:52:30,BTCUSDT,bid,47500,658.297
2024-08-05 17:52:54,BTCUSDT,bid,47000,917.352
2024-08-05 17:52:57,BTCUSDT,bid,47000,917.345
2024-08-05 17:53:34,BTCUSDT,bid,47000,917.349
2024-08-05 17:53:39,BTCUSDT,bid,47300,804.252
2024-08-05 17:53:40,BTCUSDT,bid,47500,658.233
2024-08-05 17:53:43,BTCUSDT,bid,47000,917.371
2024-08-05 17:53:49,BTCUSDT,bid,47000,917.365
2024-08-05 17:53:50,BTCUSDT,bid,47000,917.386
2024-08-05 17:54:03,BTCUSDT,bid,47500,658.221
2024-08-05 17:54:09,BTCUSDT,bid,47000,917.396
2024-08-05 17:54:15,BTCUSDT,bid,47500,658.235
2024-08-05 17:54:36,BTCUSDT,bid,47500,658.238
2024-08-05 17:54:49,BTCUSDT,bid,47300,804.257
2024-08-05 17:54:52,BTCUSDT,bid,47000,917.401
2024-08-05 17:54:58,BTCUSDT,bid,47000,917.301
2024-08-05 17:54:58,BTCUSDT,bid,47300,804.252
2024-08-05 17:55:07,BTCUSDT,bid,47000,917.306
2024-08-05 17:55:32,BTCUSDT,bid,47500,658.439
2024-08-05 17:56:20,BTCUSDT,bid,47500,658.442
2024-08-05 17:56:50,BTCUSDT,bid,47000,917.242
2024-08-05 17:57:14,BTCUSDT,bid,47000,917.307
2024-08-05 17:57:19,BTCUSDT,bid,47000,917.533
2024-08-05 17:57:21,BTCUSDT,bid,47500,658.445
2024-08-05 20:48:10,BTCUSDT,bid,47500,679.266
2024-08-05 20:48:17,BTCUSDT,bid,47000,931.681
2024-08-05 20:48:20,BTCUSDT,bid,47000,931.685
2024-08-05 20:48:23,BTCUSDT,bid,47000,931.688
2024-08-05 20:48:26,BTCUSDT,bid,47000,931.794
