2024-08-04 10:25:44,ETHUSDT,bid,2880,9430.883
2024-08-04 10:25:48,ETHUSDT,bid,2880,9419.541
2024-08-04 10:25:54,ETHUSDT,bid,2800,5124.119
2024-08-04 10:26:29,ETHUSDT,bid,2880,9374.218
2024-08-04 10:26:52,ETHUSDT,bid,2800,5125.119
2024-08-04 10:27:17,ETHUSDT,bid,2550,4368.034
2024-08-04 10:27:28,ETHUSDT,bid,2880,9399.889
2024-08-04 10:27:34,ETHUSDT,bid,2880,9399.542
2024-08-04 10:27:48,ETHUSDT,bid,2800,5124.268
2024-08-04 10:27:57,ETHUSDT,bid,2800,5124.205
2024-08-04 10:28:28,ETHUSDT,bid,2880,9369.957
2024-08-04 10:28:51,ETHUSDT,bid,2880,9387.135
2024-08-04 10:28:51,ETHUSDT,bid,2880,9402.733
2024-08-04 10:29:07,ETHUSDT,bid,2800,5124.279
2024-08-04 10:29:21,ETHUSDT,bid,2880,9385.555
2024-08-04 10:29:27,ETHUSDT,bid,2880,9373.318
2024-08-04 10:29:56,ETHUSDT,bid,2800,5124.555
2024-08-04 10:30:02,ETHUSDT,bid,2800,5125.555
2024-08-04 10:30:18,ETHUSDT,bid,2800,5126.126
2024-08-04 10:30:26,ETHUSDT,bid,2880,9385.555
2024-08-04 10:30:27,ETHUSDT,bid,2880,9396.994
2024-08-04 10:30:50,ETHUSDT,bid,2800,5125.555
2024-08-04 10:31:03,ETHUSDT,bid,2800,5125.375
2024-08-04 10:31:11,ETHUSDT,bid,2800,5125.782
2024-08-04 10:31:17,ETHUSDT,bid,2800,5125.708
2024-08-04 10:31:26,ETHUSDT,bid,2870,9376.92
2024-08-04 10:31:34,ETHUSDT,bid,2800,5126.098
2024-08-04 10:32:25,ETHUSDT,bid,2870,9376.92
2024-08-04 10:32:33,ETHUSDT,bid,2800,5118.483
2024-08-04 10:32:58,ETHUSDT,bid,2410,4252.088
2024-08-04 10:33:05,ETHUSDT,bid,2800,5118.556
2024-08-04 10:33:05,ETHUSDT,bid,2800,5117.556
2024-08-04 10:33:18,ETHUSDT,bid,2800,5118.556
2024-08-04 10:33:24,ETHUSDT,bid,2870,9377.783
2024-08-04 10:33:26,ETHUSDT,bid,2870,9377.802
2024-08-04 10:33:52,ETHUSDT,bid,2800,5118.574
2024-08-04 10:34:14,ETHUSDT,bid,2800,5119.288
2024-08-04 10:34:24,ETHUSDT,bid,2870,9375.585
2024-08-04 10:34:37,ETHUSDT,bid,2800,5115.717
2024-08-04 10:34:43,ETHUSDT,bid,2800,5115.648
2024-08-04 10:35:30,ETHUSDT,bid,2800,5116.06
2024-08-04 10:35:41,ETHUSDT,bid,2800,5113.918
2024-08-04 10:35:42,ETHUSDT,bid,2800,5113.91
2024-08-04 10:35:50,ETHUSDT,bid,2800,5113.837
2024-08-04 10:36:10,ETHUSDT,bid,2800,5113.809
2024-08-04 10:36:12,ETHUSDT,bid,2410,4250.754
2024-08-04 10:36:22,ETHUSDT,bid,2880,9372.642
2024-08-04 10:36:25,ETHUSDT,bid,2880,9373.786
2024-08-04 10:37:22,ETHUSDT,bid,2880,9371.485
2024-08-04 10:38:21,ETHUSDT,bid,2880,9361.12
2024-08-04 10:38:25,ETHUSDT,bid,2800,5111.723
2024-08-04 10:38:26,ETHUSDT,bid,2480,4032.798
2024-08-04 10:38:54,ETHUSDT,bid,2800,5111.731
2024-08-04 10:39:09,ETHUSDT,bid,2800,5111.642
2024-08-04 10:39:10,ETHUSDT,bid,2800,5111.678
2024-08-04 10:39:20,ETHUSDT,bid,2880,9366.511
2024-08-04 10:39:23,ETHUSDT,bid,2800,5111.496
2024-08-04 10:39:27,ETHUSDT,bid,2880,9366.857
2024-08-04 10:39:30,ETHUSDT,bid,2800,5111.696
2024-08-04 10:40:19,ETHUSDT,bid,2880,9370.385
2024-08-04 10:40:20,ETHUSDT,bid,2880,9371.554
2024-08-04 10:40:24,ETHUSDT,bid,2550,4368.026
2024-08-04 10:40:36,ETHUSDT,bid,2600,6397.116
2024-08-04 10:40:58,ETHUSDT,bid,2800,5111.711
2024-08-04 10:41:19,ETHUSDT,bid,2870,9404.467
2024-08-04 10:41:19,ETHUSDT,bid,2870,9405.334
2024-08-04 10:41:20,ETHUSDT,bid,2870,9405.854
2024-08-04 10:41:22,ETHUSDT,bid,2800,5110.711
2024-08-04 10:41:23,ETHUSDT,bid,2870,9406.704
2024-08-04 10:41:24,ETHUSDT,bid,2870,9407.554
2024-08-04 10:41:25,ETHUSDT,bid,2870,9406.687
2024-08-04 10:41:26,ETHUSDT,bid,2870,9405.82
2024-08-04 10:41:36,ETHUSDT,bid,2870,9404.953
2024-08-04 10:41:37,ETHUSDT,bid,2870,9404.086
2024-08-04 10:41:37,ETHUSDT,bid,2870,9403.219
2024-08-04 10:41:39,ETHUSDT,bid,2870,9402.352
2024-08-04 10:41:41,ETHUSDT,bid,2870,9401.502
2024-08-04 10:41:47,ETHUSDT,bid,2870,9412.949
2024-08-04 10:41:52,ETHUSDT,bid,2870,9411.353
2024-08-04 10:42:10,ETHUSDT,bid,2870,9400.008
2024-08-04 10:42:13,ETHUSDT,bid,2870,9388.663
2024-08-04 10:42:14,ETHUSDT,bid,2870,9387.813
2024-08-04 10:42:18,ETHUSDT,bid,2880,9399.172
2024-08-04 10:42:18,ETHUSDT,bid,2600,6396.93
2024-08-04 10:42:37,ETHUSDT,bid,2800,5110.511
2024-08-04 10:42:56,ETHUSDT,bid,2800,5109.797
2024-08-04 10:43:00,ETHUSDT,bid,2880,9374.785
2024-08-04 10:43:17,ETHUSDT,bid,2880,9373.066
2024-08-04 10:43:19,ETHUSDT,bid,2880,9373.846
2024-08-04 10:43:20,ETHUSDT,bid,2880,9375.146
2024-08-04 10:43:20,ETHUSDT,bid,2880,9375.666
2024-08-04 10:43:22,ETHUSDT,bid,2880,9376.836
2024-08-04 10:43:44,ETHUSDT,bid,2800,5109.787
2024-08-04 10:44:00,ETHUSDT,bid,2800,5109.779
2024-08-04 10:44:16,ETHUSDT,bid,2880,9368.681
2024-08-04 10:45:16,ETHUSDT,bid,2880,9369.957
2024-08-04 10:45:16,ETHUSDT,bid,2880,9381.394
2024-08-04 10:45:31,ETHUSDT,bid,2600,6392.93
