2024-08-05 11:51:54,SOLUSDT,bid,96,101151.0
2024-08-05 11:52:02,SOLUSDT,bid,90,102216.0
2024-08-05 11:52:08,SOLUSDT,bid,84,100165.0
2024-08-05 11:54:23,SOLUSDT,bid,90,102219.0
2024-08-05 11:55:34,SOLUSDT,bid,90,102269.0
2024-08-05 11:57:19,SOLUSDT,bid,90,102277.0
2024-08-05 11:59:03,SOLUSDT,bid,90,102306.0
2024-08-05 12:03:46,SOLUSDT,bid,90,114806.0
2024-08-05 12:04:13,SOLUSDT,bid,90,114798.0
2024-08-05 12:04:25,SOLUSDT,bid,90,114791.0
2024-08-05 12:05:10,SOLUSDT,bid,84,100166.0
2024-08-05 12:05:56,SOLUSDT,bid,96,101179.0
2024-08-05 12:06:14,SOLUSDT,bid,96,101679.0
2024-08-05 12:06:44,SOLUSDT,bid,96,101879.0
2024-08-05 12:06:55,SOLUSDT,bid,90,114762.0
2024-08-05 12:07:26,SOLUSDT,bid,90,114682.0
2024-08-05 12:07:53,SOLUSDT,bid,90,114571.0
2024-08-05 12:08:57,SOLUSDT,bid,96,101890.0
2024-08-05 12:09:11,SOLUSDT,bid,96,101862.0
2024-08-05 12:09:27,SOLUSDT,bid,90,114671.0
2024-08-05 12:09:30,SOLUSDT,bid,96,101662.0
2024-08-05 12:09:52,SOLUSDT,bid,96,101162.0
2024-08-05 12:09:52,SOLUSDT,bid,90,114672.0
2024-08-05 12:09:56,SOLUSDT,bid,90,114802.0
2024-08-05 12:10:02,SOLUSDT,bid,96,101147.0
2024-08-05 12:10:11,SOLUSDT,ask,127,39406.0
2024-08-05 12:10:16,SOLUSDT,bid,90,114804.0
2024-08-05 12:10:27,SOLUSDT,bid,90,114802.0
2024-08-05 12:11:16,SOLUSDT,bid,90,114800.0
2024-08-05 12:11:25,SOLUSDT,bid,90,114843.0
2024-08-05 12:11:41,SOLUSDT,bid,90,114845.0
2024-08-05 12:12:07,SOLUSDT,bid,90,114872.0
2024-08-05 12:12:30,SOLUSDT,bid,90,114862.0
2024-08-05 12:12:53,SOLUSDT,bid,96,101149.0
2024-08-05 12:13:06,SOLUSDT,bid,90,114903.0
2024-08-05 12:13:15,SOLUSDT,bid,90,114900.0
2024-08-05 12:13:34,SOLUSDT,bid,85,59378.0
2024-08-05 12:13:38,SOLUSDT,bid,84,100200.0
2024-08-05 12:13:38,SOLUSDT,bid,90,114902.0
2024-08-05 12:13:40,SOLUSDT,bid,90,115383.0
2024-08-05 12:13:44,SOLUSDT,bid,96,101649.0
2024-08-05 12:13:44,SOLUSDT,bid,96,102149.0
2024-08-05 12:13:45,SOLUSDT,bid,96,101149.0
2024-08-05 12:13:48,SOLUSDT,bid,90,115283.0
2024-08-05 12:13:48,SOLUSDT,bid,85,61731.0
2024-08-05 12:13:51,SOLUSDT,bid,90,115530.0
2024-08-05 12:13:58,SOLUSDT,bid,85,61733.0
2024-08-05 12:14:04,SOLUSDT,bid,90,115532.0
2024-08-05 12:14:13,SOLUSDT,bid,90,115547.0
2024-08-05 12:14:20,SOLUSDT,bid,90,115548.0
2024-08-05 12:14:36,SOLUSDT,bid,96,101150.0
2024-08-05 12:14:37,SOLUSDT,bid,84,100319.0
2024-08-05 12:14:42,SOLUSDT,bid,96,101149.0
2024-08-05 12:14:46,SOLUSDT,bid,90,115549.0
2024-08-05 12:14:50,SOLUSDT,bid,85,61740.0
2024-08-05 12:14:54,SOLUSDT,bid,90,115561.0
2024-08-05 12:15:00,SOLUSDT,bid,85,61741.0
2024-08-05 12:15:22,SOLUSDT,bid,90,115560.0
2024-08-05 12:15:51,SOLUSDT,bid,90,115549.0
2024-08-05 12:15:51,SOLUSDT,bid,90,115522.0
2024-08-05 12:16:09,SOLUSDT,bid,90,115594.0
2024-08-05 12:16:35,SOLUSDT,bid,90,115595.0
2024-08-05 12:16:38,SOLUSDT,bid,90,115695.0
2024-08-05 12:16:48,SOLUSDT,bid,85,61742.0
2024-08-05 12:16:49,SOLUSDT,bid,90,115696.0
2024-08-05 12:16:58,SOLUSDT,bid,90,115701.0
2024-08-05 12:17:11,SOLUSDT,bid,90,115601.0
2024-08-05 12:17:28,SOLUSDT,bid,90,115651.0
2024-08-05 12:17:42,SOLUSDT,bid,96,101199.0
2024-08-05 12:17:50,SOLUSDT,bid,90,115653.0
2024-08-05 12:17:53,SOLUSDT,bid,96,101197.0
2024-08-05 12:17:55,SOLUSDT,bid,90,115633.0
2024-08-05 12:18:15,SOLUSDT,bid,90,115716.0
2024-08-05 12:18:17,SOLUSDT,bid,85,61861.0
2024-08-05 12:18:25,SOLUSDT,bid,85,61862.0
2024-08-05 12:18:31,SOLUSDT,bid,90,115724.0
2024-08-05 12:18:56,SOLUSDT,bid,90,115725.0
2024-08-05 12:19:12,SOLUSDT,bid,96,101200.0
2024-08-05 12:19:26,SOLUSDT,bid,85,61861.0
2024-08-05 12:19:33,SOLUSDT,bid,85,61742.0
2024-08-05 12:19:48,SOLUSDT,bid,90,115726.0
2024-08-05 12:19:50,SOLUSDT,bid,96,101210.0
2024-08-05 12:19:57,SOLUSDT,bid,90,115738.0
2024-08-05 12:20:00,SOLUSDT,bid,90,115655.0
2024-08-05 12:20:20,SOLUSDT,bid,85,61636.0
2024-08-05 12:20:22,SOLUSDT,bid,85,61635.0
2024-08-05 12:20:22,SOLUSDT,bid,90,115660.0
2024-08-05 12:21:07,SOLUSDT,bid,90,115671.0
2024-08-05 12:21:09,SOLUSDT,bid,85,61628.0
2024-08-05 12:21:30,SOLUSDT,bid,90,115599.0
2024-08-05 12:22:08,SOLUSDT,bid,90,115596.0
2024-08-05 12:22:27,SOLUSDT,bid,90,103096.0
2024-08-05 12:22:39,SOLUSDT,bid,90,103123.0
2024-08-05 12:22:54,SOLUSDT,bid,85,61548.0
2024-08-05 12:23:02,SOLUSDT,bid,85,61559.0
2024-08-05 12:23:03,SOLUSDT,bid,85,61564.0
2024-08-05 12:23:17,SOLUSDT,bid,90,103096.0
2024-08-05 12:23:23,SOLUSDT,bid,90,103104.0
2024-08-05 12:23:49,SOLUSDT,bid,90,103103.0
2024-08-05 12:23:58,SOLUSDT,bid,85,61664.0
2024-08-05 12:23:58,SOLUSDT,bid,90,103130.0
2024-08-05 12:24:05,SOLUSDT,bid,90,103215.0
2024-08-05 12:24:05,SOLUSDT,bid,90,103165.0
2024-08-05 12:24:09,SOLUSDT,bid,90,103124.0
2024-08-05 12:24:28,SOLUSDT,bid,90,103097.0
2024-08-05 12:24:55,SOLUSDT,bid,90,103089.0
2024-08-05 12:25:14,SOLUSDT,bid,90,103084.0
2024-08-05 12:26:04,SOLUSDT,bid,90,103041.0
2024-08-05 12:26:35,SOLUSDT,bid,90,103082.0
2024-08-05 12:27:12,SOLUSDT,bid,90,103084.0
2024-08-05 12:27:16,SOLUSDT,bid,90,103043.0
2024-08-05 12:27:24,SOLUSDT,bid,90,103044.0
2024-08-05 12:27:26,SOLUSDT,bid,96,101216.0
2024-08-05 12:27:31,SOLUSDT,bid,85,61675.0
2024-08-05 12:27:37,SOLUSDT,bid,85,61680.0
2024-08-05 12:27:41,SOLUSDT,bid,85,61669.0
2024-08-05 12:27:57,SOLUSDT,bid,90,103045.0
2024-08-05 12:28:02,SOLUSDT,bid,85,61695.0
2024-08-05 12:28:18,SOLUSDT,bid,85,61694.0
2024-08-05 12:28:18,SOLUSDT,bid,96,101205.0
2024-08-05 12:29:08,SOLUSDT,bid,90,103087.0
2024-08-05 12:29:11,SOLUSDT,bid,90,103086.0
2024-08-05 12:29:17,SOLUSDT,bid,90,103136.0
2024-08-05 12:29:18,SOLUSDT,bid,85,61689.0
2024-08-05 12:29:38,SOLUSDT,bid,90,103161.0
2024-08-05 12:30:37,SOLUSDT,bid,90,103153.0
2024-08-05 12:30:42,SOLUSDT,bid,90,103233.0
2024-08-05 12:31:22,SOLUSDT,bid,90,103231.0
2024-08-05 12:31:47,SOLUSDT,bid,96,101227.0
2024-08-05 12:31:49,SOLUSDT,bid,90,103265.0
2024-08-05 12:32:12,SOLUSDT,bid,90,103253.0
2024-08-05 12:32:16,SOLUSDT,bid,90,103256.0
2024-08-05 12:32:20,SOLUSDT,bid,85,61688.0
2024-08-05 12:32:28,SOLUSDT,bid,90,103231.0
2024-08-05 12:32:41,SOLUSDT,bid,90,103197.0
2024-08-05 12:33:22,SOLUSDT,bid,85,61691.0
2024-08-05 12:33:25,SOLUSDT,bid,90,102716.0
2024-08-05 12:33:26,SOLUSDT,bid,90,102636.0
2024-08-05 12:33:29,SOLUSDT,bid,90,102638.0
2024-08-05 12:33:58,SOLUSDT,bid,90,102643.0
2024-08-05 12:34:14,SOLUSDT,bid,84,100359.0
2024-08-05 12:34:23,SOLUSDT,bid,90,102645.0
2024-08-05 12:34:46,SOLUSDT,bid,90,102725.0
2024-08-05 12:35:37,SOLUSDT,bid,90,102754.0
2024-08-05 12:35:45,SOLUSDT,bid,90,102757.0
2024-08-05 12:35:49,SOLUSDT,bid,90,102786.0
2024-08-05 12:37:01,SOLUSDT,bid,90,102736.0
2024-08-05 12:37:17,SOLUSDT,bid,85,61688.0
2024-08-05 12:39:42,SOLUSDT,bid,90,102733.0
2024-08-05 12:39:47,SOLUSDT,bid,96,101243.0
2024-08-05 12:40:29,SOLUSDT,bid,90,102736.0
2024-08-05 12:41:00,SOLUSDT,bid,90,102791.0
2024-08-05 12:41:02,SOLUSDT,bid,90,102790.0
2024-08-05 12:42:07,SOLUSDT,bid,85,61738.0
2024-08-05 12:42:19,SOLUSDT,bid,90,102705.0
2024-08-05 12:42:26,SOLUSDT,bid,85,61739.0
2024-08-05 12:42:29,SOLUSDT,bid,90,103021.0
2024-08-05 12:42:52,SOLUSDT,bid,85,61774.0
2024-08-05 12:43:23,SOLUSDT,bid,90,103158.0
2024-08-05 12:43:25,SOLUSDT,bid,85,61739.0
2024-08-05 12:43:48,SOLUSDT,bid,90,102842.0
2024-08-05 12:43:49,SOLUSDT,bid,90,102837.0
2024-08-05 12:43:59,SOLUSDT,bid,90,102866.0
2024-08-05 12:44:09,SOLUSDT,bid,90,102871.0
