2024-08-01 00:09:12,BTCUSDT,bid,65000,2639.392
2024-08-01 00:12:43,BTCUSDT,bid,65000,1496.463
2024-08-01 00:14:24,BTCUSDT,ask,72100,426.286
2024-08-01 00:14:56,BTCUSDT,bid,65000,1496.746
2024-08-01 00:34:34,BTCUSDT,ask,72100,426.811
2024-08-01 00:34:59,BTCUSDT,ask,67800,1092.437
2024-08-01 00:35:15,BTCUSDT,bid,65100,1494.187
2024-08-01 00:35:19,BTCUSDT,bid,65100,573.85
2024-08-01 00:35:25,BTCUSDT,ask,67800,1092.196
2024-08-01 00:37:25,BTCUSDT,ask,72100,426.811
2024-08-01 00:48:11,BTCUSDT,ask,72100,426.831
2024-08-01 01:10:41,BTCUSDT,bid,64800,566.995
2024-08-01 01:11:11,BTCUSDT,bid,64800,566.999
2024-08-01 01:12:00,BTCUSDT,bid,64800,566.97
2024-08-01 01:12:05,BTCUSDT,bid,64800,567.079
2024-08-01 01:12:16,BTCUSDT,bid,64800,567.138
2024-08-01 01:12:30,BTCUSDT,bid,64800,567.195
2024-08-01 01:12:56,BTCUSDT,bid,64800,567.213
2024-08-01 01:12:56,BTCUSDT,bid,64800,568.723
2024-08-01 01:13:01,BTCUSDT,bid,64800,568.705
2024-08-01 01:14:29,BTCUSDT,bid,64800,568.671
2024-08-01 01:14:31,BTCUSDT,bid,64800,568.683
2024-08-01 01:14:54,BTCUSDT,bid,64800,568.76
2024-08-01 01:15:04,BTCUSDT,bid,64800,568.743
2024-08-01 01:15:43,BTCUSDT,bid,64800,568.54
2024-08-01 01:16:36,BTCUSDT,bid,64800,568.513
2024-08-01 01:16:50,BTCUSDT,bid,64800,568.413
2024-08-01 01:17:05,BTCUSDT,bid,64800,568.336
2024-08-01 01:17:06,BTCUSDT,bid,64800,568.227
2024-08-01 01:17:24,BTCUSDT,bid,64800,568.417
2024-08-01 01:17:44,BTCUSDT,bid,64800,568.447
2024-08-01 01:17:45,BTCUSDT,bid,64800,568.586
2024-08-01 01:17:53,BTCUSDT,bid,64800,568.409
2024-08-01 01:18:03,BTCUSDT,bid,64800,568.486
2024-08-01 01:18:12,BTCUSDT,bid,64800,568.476
2024-08-01 01:18:16,BTCUSDT,bid,64800,566.966
2024-08-01 01:18:20,BTCUSDT,bid,64800,566.946
2024-08-01 01:18:50,BTCUSDT,ask,72100,426.659
2024-08-01 01:19:02,BTCUSDT,bid,64800,566.939
2024-08-01 01:19:02,BTCUSDT,bid,64800,567.016
2024-08-01 01:19:55,BTCUSDT,bid,64800,566.978
2024-08-01 01:20:35,BTCUSDT,bid,64800,567.459
2024-08-01 01:20:53,BTCUSDT,bid,64800,567.457
2024-08-01 01:22:29,BTCUSDT,bid,64800,567.443
2024-08-01 01:22:55,BTCUSDT,bid,64800,567.603
2024-08-01 01:23:12,BTCUSDT,bid,64800,567.563
2024-08-01 01:23:21,BTCUSDT,bid,64800,567.567
2024-08-01 01:23:35,BTCUSDT,bid,64800,567.597
2024-08-01 01:23:58,BTCUSDT,bid,64800,567.599
2024-08-01 01:24:06,BTCUSDT,bid,64800,567.614
2024-08-01 01:24:25,BTCUSDT,bid,64800,567.583
2024-08-01 01:25:07,BTCUSDT,bid,64800,567.586
2024-08-01 01:25:09,BTCUSDT,bid,64800,567.596
2024-08-01 01:25:14,BTCUSDT,bid,64800,567.726
2024-08-01 01:26:17,BTCUSDT,bid,64800,617.726
2024-08-01 01:26:20,BTCUSDT,bid,64800,617.826
2024-08-01 01:26:50,BTCUSDT,bid,64800,617.888
2024-08-01 01:27:00,BTCUSDT,bid,64800,617.749
2024-08-01 01:27:02,BTCUSDT,bid,64800,567.749
2024-08-01 01:27:05,BTCUSDT,bid,66000,468.169
2024-08-01 01:27:07,BTCUSDT,bid,66000,468.164
2024-08-01 01:27:08,BTCUSDT,bid,66000,468.314
2024-08-01 01:27:33,BTCUSDT,bid,64800,567.746
2024-08-01 01:27:33,BTCUSDT,bid,64800,567.645
2024-08-01 01:28:23,BTCUSDT,ask,72100,426.654
2024-08-01 01:29:00,BTCUSDT,bid,64800,567.737
2024-08-01 01:29:27,BTCUSDT,bid,64800,567.851
2024-08-01 01:32:25,BTCUSDT,bid,64800,567.866
2024-08-01 01:32:27,BTCUSDT,bid,64800,567.385
2024-08-01 01:32:39,BTCUSDT,bid,64800,567.373
2024-08-01 01:32:39,BTCUSDT,bid,64800,567.273
2024-08-01 01:32:43,BTCUSDT,bid,64800,567.265
2024-08-01 01:32:47,BTCUSDT,bid,64800,567.105
2024-08-01 01:35:24,BTCUSDT,bid,64800,567.113
2024-08-01 01:37:22,BTCUSDT,bid,64800,567.121
2024-08-01 01:37:51,BTCUSDT,bid,64800,567.146
2024-08-01 01:38:14,BTCUSDT,bid,64800,567.522
2024-08-01 01:38:26,BTCUSDT,bid,64800,567.146
2024-08-01 01:38:30,BTCUSDT,bid,64800,567.154
2024-08-01 01:40:07,BTCUSDT,bid,64800,567.146
2024-08-01 01:40:26,BTCUSDT,bid,64800,567.327
2024-08-01 01:40:44,BTCUSDT,bid,64800,566.235
2024-08-01 01:40:48,BTCUSDT,bid,64800,566.255
2024-08-01 01:43:46,BTCUSDT,bid,64800,566.105
2024-08-01 01:44:07,BTCUSDT,bid,64800,566.083
2024-08-01 01:44:50,BTCUSDT,bid,64800,566.159
2024-08-01 01:49:03,BTCUSDT,bid,64800,566.144
2024-08-01 01:50:59,BTCUSDT,bid,64800,566.141
2024-08-01 01:52:31,BTCUSDT,bid,64800,566.133
2024-08-01 01:52:42,BTCUSDT,bid,64800,566.792
2024-08-01 01:52:44,BTCUSDT,bid,64800,566.79
2024-08-01 01:53:42,BTCUSDT,bid,64800,566.131
2024-08-01 01:53:44,BTCUSDT,bid,64800,566.141
2024-08-01 01:53:46,BTCUSDT,bid,64800,566.027
2024-08-01 01:54:10,BTCUSDT,bid,64800,566.044
2024-08-01 01:54:14,BTCUSDT,bid,64800,566.034
2024-08-01 01:54:55,BTCUSDT,bid,64800,566.03
2024-08-01 01:58:46,BTCUSDT,bid,64800,566.033
2024-08-01 02:01:43,BTCUSDT,bid,64800,566.035
2024-08-01 02:02:12,BTCUSDT,bid,64800,566.026
2024-08-01 02:02:16,BTCUSDT,bid,64800,566.036
2024-08-01 02:03:37,BTCUSDT,bid,64800,566.066
2024-08-01 02:03:39,BTCUSDT,bid,64800,566.056
2024-08-01 02:04:09,BTCUSDT,bid,64800,566.069
2024-08-01 02:04:48,BTCUSDT,bid,64800,566.021
2024-08-01 02:05:01,BTCUSDT,bid,64800,566.041
2024-08-01 02:05:38,BTCUSDT,bid,64800,566.039
2024-08-01 02:06:28,BTCUSDT,bid,64800,576.039
2024-08-01 02:07:09,BTCUSDT,bid,64800,576.132
2024-08-01 02:08:58,BTCUSDT,bid,64800,575.882
2024-08-01 02:09:12,BTCUSDT,bid,64800,573.382
2024-08-01 02:09:58,BTCUSDT,bid,64800,573.379
2024-08-01 02:10:05,BTCUSDT,bid,64800,572.379
2024-08-01 02:10:24,BTCUSDT,bid,64800,572.579
2024-08-01 02:11:12,BTCUSDT,bid,64800,572.772
2024-08-01 02:11:47,BTCUSDT,bid,64800,572.896
2024-08-01 02:11:53,BTCUSDT,bid,64800,572.899
2024-08-01 02:12:00,BTCUSDT,bid,64800,572.903
2024-08-01 02:12:08,BTCUSDT,bid,64800,572.703
2024-08-01 02:12:22,BTCUSDT,bid,64800,572.468
2024-08-01 02:13:47,BTCUSDT,bid,64800,572.622
2024-08-01 02:13:59,BTCUSDT,bid,64800,562.622
2024-08-01 02:15:41,BTCUSDT,bid,64800,562.66
2024-08-01 02:15:58,BTCUSDT,bid,64800,562.685
2024-08-01 02:18:11,BTCUSDT,bid,64800,562.74
2024-08-01 02:19:26,BTCUSDT,bid,64800,562.73
2024-08-01 02:19:29,BTCUSDT,bid,64800,562.74
2024-08-01 02:19:49,BTCUSDT,bid,64800,562.76
2024-08-01 02:19:55,BTCUSDT,bid,64800,562.75
2024-08-01 02:20:00,BTCUSDT,bid,64800,562.76
2024-08-01 02:20:40,BTCUSDT,bid,64800,562.79
2024-08-01 02:21:22,BTCUSDT,bid,64800,562.816
2024-08-01 02:21:34,BTCUSDT,bid,64800,563.316
2024-08-01 02:21:45,BTCUSDT,bid,64800,563.323
2024-08-01 02:21:50,BTCUSDT,bid,64800,563.341
2024-08-01 02:22:34,BTCUSDT,bid,64800,563.353
2024-08-01 02:22:45,BTCUSDT,bid,64800,563.603
2024-08-01 02:22:47,BTCUSDT,bid,64800,563.853
2024-08-01 02:22:49,BTCUSDT,bid,64800,564.052
2024-08-01 02:22:54,BTCUSDT,bid,64800,563.802
2024-08-01 02:23:49,BTCUSDT,bid,64800,582.075
2024-08-01 02:23:50,BTCUSDT,bid,64800,582.058
2024-08-01 02:24:08,BTCUSDT,bid,64800,563.785
2024-08-01 02:24:17,BTCUSDT,bid,64800,563.793
2024-08-01 02:24:44,BTCUSDT,bid,64800,563.783
2024-08-01 02:24:48,BTCUSDT,bid,64800,563.792
2024-08-01 02:25:11,BTCUSDT,bid,64800,563.889
2024-08-01 02:25:30,BTCUSDT,bid,64800,563.389
2024-08-01 02:25:32,BTCUSDT,bid,64800,563.396
2024-08-01 02:26:01,BTCUSDT,bid,64800,563.434
2024-08-01 02:26:03,BTCUSDT,bid,64800,566.434
2024-08-01 02:26:06,BTCUSDT,bid,64800,566.384
2024-08-01 02:26:14,BTCUSDT,bid,64800,566.376
2024-08-01 02:26:21,BTCUSDT,bid,64800,566.338
2024-08-01 02:26:23,BTCUSDT,bid,64800,566.139
2024-08-01 02:26:26,BTCUSDT,bid,64800,565.889
2024-08-01 02:26:31,BTCUSDT,bid,64800,566.13
2024-08-01 02:26:33,BTCUSDT,bid,64800,566.092
2024-08-01 02:26:39,BTCUSDT,bid,64800,566.274
2024-08-01 02:26:45,BTCUSDT,bid,64800,566.466
2024-08-01 02:26:49,BTCUSDT,bid,64800,566.284
2024-08-01 02:26:50,BTCUSDT,bid,64800,566.269
2024-08-01 02:26:55,BTCUSDT,bid,64800,566.275
2024-08-01 02:26:59,BTCUSDT,bid,64800,566.272
2024-08-01 02:31:30,BTCUSDT,bid,63600,1034.587
2024-08-01 02:31:38,BTCUSDT,bid,63600,1034.584
2024-08-01 02:31:39,BTCUSDT,bid,63600,1034.581
2024-08-01 09:08:52,BTCUSDT,bid,63500,659.239
2024-08-01 09:08:52,BTCUSDT,bid,63500,659.245
2024-08-01 09:08:52,BTCUSDT,bid,63800,648.144
2024-08-01 09:08:52,BTCUSDT,bid,63600,641.963
2024-08-01 09:08:53,BTCUSDT,bid,63600,642.009
2024-08-01 09:08:55,BTCUSDT,bid,63500,659.242
2024-08-01 09:08:55,BTCUSDT,bid,63800,648.153
2024-08-01 09:08:56,BTCUSDT,bid,63800,648.143
2024-08-01 09:08:57,BTCUSDT,bid,63700,566.024
2024-08-01 09:08:57,BTCUSDT,bid,63600,641.962
2024-08-01 09:08:57,BTCUSDT,bid,63800,651.143
2024-08-01 09:08:57,BTCUSDT,bid,63800,651.134
2024-08-01 09:08:58,BTCUSDT,bid,63600,641.916
2024-08-01 09:08:58,BTCUSDT,bid,63500,659.237
2024-08-01 09:08:58,BTCUSDT,bid,63500,659.247
2024-08-01 09:08:59,BTCUSDT,bid,63600,640.916
2024-08-01 09:08:59,BTCUSDT,bid,63700,566.104
2024-08-01 09:08:59,BTCUSDT,bid,63700,565.104
2024-08-01 09:08:59,BTCUSDT,bid,63800,650.134
2024-08-01 09:09:01,BTCUSDT,bid,63800,650.384
2024-08-01 09:09:03,BTCUSDT,bid,63500,659.233
2024-08-01 09:09:03,BTCUSDT,bid,63500,659.224
2024-08-01 09:09:04,BTCUSDT,bid,63500,659.257
2024-08-01 09:09:05,BTCUSDT,bid,63500,659.24
2024-08-01 09:09:05,BTCUSDT,bid,63600,640.91
2024-08-01 09:09:06,BTCUSDT,bid,63700,565.098
2024-08-01 09:09:06,BTCUSDT,bid,63500,659.26
2024-08-01 09:09:06,BTCUSDT,bid,63600,640.342
2024-08-01 09:09:07,BTCUSDT,bid,63500,659.349
2024-08-01 09:09:07,BTCUSDT,bid,63500,659.477
2024-08-01 09:09:08,BTCUSDT,bid,63500,659.177
2024-08-01 09:09:08,BTCUSDT,bid,63600,640.381
2024-08-01 09:09:09,BTCUSDT,bid,63800,650.377
2024-08-01 09:09:09,BTCUSDT,bid,63800,650.403
2024-08-01 09:09:09,BTCUSDT,bid,63600,640.631
2024-08-01 09:09:10,BTCUSDT,bid,63500,658.177
2024-08-01 09:09:10,BTCUSDT,bid,63500,658.175
2024-08-01 09:09:12,BTCUSDT,bid,63600,640.638
2024-08-01 09:09:12,BTCUSDT,bid,63500,657.175
2024-08-01 09:09:12,BTCUSDT,bid,63600,640.794
2024-08-01 09:09:13,BTCUSDT,bid,63700,565.198
2024-08-01 09:09:14,BTCUSDT,bid,63800,650.307
2024-08-01 09:09:15,BTCUSDT,bid,63800,650.293
2024-08-01 09:09:16,BTCUSDT,bid,63500,656.675
2024-08-01 09:09:16,BTCUSDT,bid,63500,656.68
2024-08-01 09:09:17,BTCUSDT,bid,63800,650.299
2024-08-01 09:09:18,BTCUSDT,bid,63800,650.259
2024-08-01 09:09:19,BTCUSDT,bid,63800,650.261
2024-08-01 09:09:20,BTCUSDT,bid,63700,565.247
2024-08-01 09:09:20,BTCUSDT,bid,63500,656.684
2024-08-01 09:09:21,BTCUSDT,bid,63700,565.276
2024-08-01 09:09:21,BTCUSDT,bid,63800,650.259
2024-08-01 09:09:22,BTCUSDT,bid,63500,656.699
2024-08-01 09:09:22,BTCUSDT,bid,63500,656.709
2024-08-01 09:09:22,BTCUSDT,bid,63500,656.719
2024-08-01 09:09:24,BTCUSDT,bid,63800,650.236
2024-08-01 09:09:24,BTCUSDT,bid,63500,656.669
2024-08-01 09:09:25,BTCUSDT,bid,63600,640.895
2024-08-01 09:09:27,BTCUSDT,bid,63500,656.687
2024-08-01 09:09:28,BTCUSDT,bid,63800,650.226
2024-08-01 09:09:29,BTCUSDT,bid,63600,640.94
2024-08-01 09:09:30,BTCUSDT,bid,63500,656.685
2024-08-01 09:09:30,BTCUSDT,bid,63600,640.942
2024-08-01 09:09:31,BTCUSDT,bid,63500,656.557
2024-08-01 09:09:31,BTCUSDT,bid,63500,656.457
2024-08-01 09:09:31,BTCUSDT,bid,63500,656.488
2024-08-01 09:09:31,BTCUSDT,bid,63500,656.647
2024-08-01 09:09:34,BTCUSDT,bid,63600,641.0
2024-08-01 09:09:35,BTCUSDT,bid,63800,650.221
2024-08-01 09:09:36,BTCUSDT,bid,63800,650.234
2024-08-01 09:09:36,BTCUSDT,bid,63800,647.234
2024-08-01 09:09:38,BTCUSDT,bid,63500,656.567
2024-08-01 09:09:40,BTCUSDT,bid,63600,641.04
2024-08-01 09:09:40,BTCUSDT,bid,63800,647.232
2024-08-01 09:09:40,BTCUSDT,bid,63600,641.043
2024-08-01 09:09:41,BTCUSDT,bid,63800,647.21
2024-08-01 09:09:41,BTCUSDT,bid,63500,656.594
2024-08-01 09:09:41,BTCUSDT,bid,63600,641.101
2024-08-01 09:09:42,BTCUSDT,bid,63700,564.513
2024-08-01 09:09:42,BTCUSDT,bid,63500,656.612
2024-08-01 09:09:43,BTCUSDT,bid,63800,647.132
2024-08-01 09:09:44,BTCUSDT,bid,63600,641.129
2024-08-01 09:09:45,BTCUSDT,bid,63600,641.098
2024-08-01 09:09:45,BTCUSDT,bid,63800,647.135
2024-08-01 09:09:48,BTCUSDT,bid,63500,656.595
2024-08-01 09:09:48,BTCUSDT,bid,63800,647.134
2024-08-01 09:09:49,BTCUSDT,bid,63800,647.121
2024-08-01 09:09:49,BTCUSDT,bid,63800,646.942
2024-08-01 09:09:49,BTCUSDT,bid,63500,656.625
2024-08-01 09:09:50,BTCUSDT,bid,63800,646.786
2024-08-01 09:09:51,BTCUSDT,bid,63800,646.803
2024-08-01 09:09:51,BTCUSDT,bid,63500,656.69
2024-08-01 09:09:53,BTCUSDT,bid,63500,656.699
2024-08-01 09:09:54,BTCUSDT,bid,63600,641.082
2024-08-01 09:09:54,BTCUSDT,bid,63800,646.802
2024-08-01 09:09:56,BTCUSDT,bid,63800,646.806
2024-08-01 09:09:57,BTCUSDT,bid,63500,656.777
2024-08-01 09:09:57,BTCUSDT,bid,63600,641.035
2024-08-01 09:09:59,BTCUSDT,bid,63500,656.829
2024-08-01 09:10:00,BTCUSDT,bid,63800,646.836
2024-08-01 09:10:01,BTCUSDT,bid,63500,656.436
2024-08-01 09:10:02,BTCUSDT,bid,63500,656.426
2024-08-01 09:10:04,BTCUSDT,bid,63500,656.526
2024-08-01 09:10:04,BTCUSDT,bid,63600,641.028
2024-08-01 09:10:05,BTCUSDT,bid,63500,656.532
2024-08-01 09:10:09,BTCUSDT,bid,63600,641.528
2024-08-01 09:10:13,BTCUSDT,bid,63600,641.577
2024-08-01 09:10:13,BTCUSDT,bid,63600,641.627
2024-08-01 09:10:15,BTCUSDT,bid,63800,646.76
2024-08-01 09:10:16,BTCUSDT,bid,63500,656.563
2024-08-01 09:10:17,BTCUSDT,bid,63500,657.635
2024-08-01 09:10:17,BTCUSDT,bid,63500,657.758
2024-08-01 09:10:17,BTCUSDT,bid,63800,646.637
2024-08-01 09:10:19,BTCUSDT,bid,63500,657.688
2024-08-01 09:10:20,BTCUSDT,bid,63500,657.695
2024-08-01 09:10:20,BTCUSDT,bid,63600,641.602
2024-08-01 09:10:20,BTCUSDT,bid,63500,657.708
2024-08-01 09:10:21,BTCUSDT,bid,63800,646.647
2024-08-01 09:10:22,BTCUSDT,bid,63800,646.647
2024-08-01 09:10:22,BTCUSDT,bid,63600,641.402
2024-08-01 09:10:22,BTCUSDT,bid,63800,646.584
2024-08-01 09:10:23,BTCUSDT,bid,63500,657.71
2024-08-01 09:10:23,BTCUSDT,bid,63600,641.404
2024-08-01 09:10:23,BTCUSDT,bid,63700,564.515
2024-08-01 09:10:23,BTCUSDT,bid,63800,646.586
2024-08-01 09:10:23,BTCUSDT,bid,63800,646.512
2024-08-01 09:10:23,BTCUSDT,bid,63800,646.514
2024-08-01 09:10:24,BTCUSDT,bid,63800,646.512
2024-08-01 09:10:24,BTCUSDT,bid,63800,646.312
2024-08-01 09:10:24,BTCUSDT,bid,63800,646.312
2024-08-01 09:10:26,BTCUSDT,bid,63500,657.738
2024-08-01 09:10:29,BTCUSDT,bid,63700,564.695
2024-08-01 09:10:29,BTCUSDT,bid,63800,646.317
2024-08-01 09:10:31,BTCUSDT,bid,63500,657.722
2024-08-01 09:10:33,BTCUSDT,bid,63500,657.75
2024-08-01 09:10:33,BTCUSDT,bid,63800,646.319
2024-08-01 09:10:33,BTCUSDT,bid,63800,646.119
2024-08-01 09:10:33,BTCUSDT,bid,63600,641.435
2024-08-01 09:10:34,BTCUSDT,bid,63800,646.117
2024-08-01 09:10:37,BTCUSDT,bid,63800,646.038
2024-08-01 09:10:38,BTCUSDT,bid,63500,657.61
2024-08-01 09:10:38,BTCUSDT,bid,63600,611.435
2024-08-01 09:10:41,BTCUSDT,bid,63700,564.684
2024-08-01 09:10:41,BTCUSDT,bid,63800,646.032
2024-08-01 09:10:42,BTCUSDT,bid,63500,657.51
2024-08-01 09:10:42,BTCUSDT,bid,63600,611.535
2024-08-01 09:10:42,BTCUSDT,bid,63800,646.042
2024-08-01 09:10:43,BTCUSDT,bid,63600,611.529
2024-08-01 09:10:44,BTCUSDT,bid,63800,646.061
2024-08-01 09:10:45,BTCUSDT,bid,63700,564.682
2024-08-01 09:10:45,BTCUSDT,bid,63500,657.362
2024-08-01 09:10:48,BTCUSDT,bid,63800,646.032
2024-08-01 09:10:52,BTCUSDT,bid,63500,657.428
2024-08-01 09:10:53,BTCUSDT,bid,63800,645.954
2024-08-01 09:10:54,BTCUSDT,bid,63800,645.961
2024-08-01 09:10:55,BTCUSDT,bid,63600,611.519
2024-08-01 09:10:55,BTCUSDT,bid,63500,657.35
2024-08-01 09:10:56,BTCUSDT,bid,63500,657.55
2024-08-01 09:10:57,BTCUSDT,bid,63500,657.557
2024-08-01 09:10:57,BTCUSDT,bid,63500,657.542
2024-08-01 09:10:58,BTCUSDT,bid,63500,657.342
2024-08-01 09:10:59,BTCUSDT,bid,63700,564.709
2024-08-01 09:10:59,BTCUSDT,bid,63800,645.971
2024-08-01 09:11:00,BTCUSDT,bid,63500,657.362
2024-08-01 09:11:03,BTCUSDT,bid,63500,657.359
2024-08-01 09:11:03,BTCUSDT,bid,63600,611.585
2024-08-01 09:11:03,BTCUSDT,bid,63500,657.347
2024-08-01 09:11:03,BTCUSDT,bid,63600,611.573
2024-08-01 09:11:03,BTCUSDT,bid,63700,564.697
2024-08-01 09:11:03,BTCUSDT,bid,63800,645.959
2024-08-01 09:11:04,BTCUSDT,bid,63500,657.377
2024-08-01 09:11:04,BTCUSDT,bid,63800,645.969
2024-08-01 09:11:04,BTCUSDT,bid,63800,646.069
2024-08-01 09:11:05,BTCUSDT,bid,63600,611.667
2024-08-01 09:11:07,BTCUSDT,bid,63500,657.399
2024-08-01 09:11:08,BTCUSDT,bid,63800,646.071
2024-08-01 09:11:10,BTCUSDT,bid,63500,657.409
2024-08-01 09:11:11,BTCUSDT,bid,63700,564.694
2024-08-01 09:11:13,BTCUSDT,bid,63500,657.416
2024-08-01 09:11:13,BTCUSDT,bid,63500,657.47
2024-08-01 09:11:14,BTCUSDT,bid,63500,657.463
2024-08-01 09:11:14,BTCUSDT,bid,63500,657.502
2024-08-01 09:11:19,BTCUSDT,bid,63800,646.171
2024-08-01 09:11:19,BTCUSDT,bid,63600,611.589
2024-08-01 09:11:19,BTCUSDT,bid,63800,646.161
2024-08-01 09:11:20,BTCUSDT,bid,63500,657.402
2024-08-01 09:11:20,BTCUSDT,bid,63600,611.591
2024-08-01 09:11:21,BTCUSDT,bid,63500,657.374
2024-08-01 09:11:21,BTCUSDT,bid,63700,564.713
2024-08-01 09:11:22,BTCUSDT,bid,63600,611.582
2024-08-01 09:11:24,BTCUSDT,bid,63500,657.37
2024-08-01 09:11:25,BTCUSDT,bid,63500,657.418
2024-08-01 09:11:26,BTCUSDT,bid,63500,657.427
2024-08-01 09:11:28,BTCUSDT,bid,63800,645.861
2024-08-01 09:11:29,BTCUSDT,bid,63500,657.445
2024-08-01 09:11:29,BTCUSDT,bid,63700,564.716
2024-08-01 09:11:29,BTCUSDT,bid,63800,645.858
2024-08-01 09:11:30,BTCUSDT,bid,63600,611.782
2024-08-01 09:11:33,BTCUSDT,bid,63600,611.785
2024-08-01 09:11:33,BTCUSDT,bid,63500,657.472
2024-08-01 09:11:35,BTCUSDT,bid,63800,645.877
2024-08-01 09:11:35,BTCUSDT,bid,63800,645.746
2024-08-01 09:11:37,BTCUSDT,bid,63700,564.69
2024-08-01 09:11:39,BTCUSDT,bid,63500,657.475
2024-08-01 09:11:42,BTCUSDT,bid,63500,657.473
2024-08-01 09:11:42,BTCUSDT,bid,63800,642.746
2024-08-01 09:11:42,BTCUSDT,bid,63600,611.795
2024-08-01 09:11:45,BTCUSDT,bid,63500,657.317
2024-08-01 09:11:45,BTCUSDT,bid,63700,564.72
2024-08-01 09:11:46,BTCUSDT,bid,63800,642.699
2024-08-01 09:11:49,BTCUSDT,bid,63800,642.669
2024-08-01 09:11:50,BTCUSDT,bid,63800,642.719
2024-08-01 09:11:51,BTCUSDT,bid,63700,564.729
2024-08-01 09:11:52,BTCUSDT,bid,63500,657.417
2024-08-01 09:11:54,BTCUSDT,bid,63600,611.694
2024-08-01 09:11:55,BTCUSDT,bid,63700,564.732
2024-08-01 09:11:58,BTCUSDT,bid,63600,611.666
2024-08-01 09:12:00,BTCUSDT,bid,63700,564.728
2024-08-01 09:12:00,BTCUSDT,bid,63800,642.934
2024-08-01 09:12:04,BTCUSDT,bid,63500,657.717
2024-08-01 09:12:05,BTCUSDT,bid,63500,657.721
2024-08-01 09:12:05,BTCUSDT,bid,63600,611.915
2024-08-01 09:12:05,BTCUSDT,bid,63500,657.723
2024-08-01 09:12:09,BTCUSDT,bid,63600,611.91
2024-08-01 09:12:10,BTCUSDT,bid,63800,642.915
2024-08-01 09:12:11,BTCUSDT,bid,63600,612.011
2024-08-01 09:12:13,BTCUSDT,bid,63600,612.012
2024-08-01 09:12:14,BTCUSDT,bid,63500,657.748
2024-08-01 09:12:16,BTCUSDT,bid,63800,642.86
2024-08-01 09:12:16,BTCUSDT,bid,63800,642.85
2024-08-01 09:12:17,BTCUSDT,bid,63600,612.215
2024-08-01 09:12:18,BTCUSDT,bid,63800,642.855
2024-08-01 09:12:18,BTCUSDT,bid,63500,657.723
2024-08-01 09:12:19,BTCUSDT,bid,63600,612.213
2024-08-01 09:12:19,BTCUSDT,bid,63500,657.725
2024-08-01 09:12:19,BTCUSDT,bid,63700,564.507
2024-08-01 09:12:20,BTCUSDT,bid,63700,564.505
2024-08-01 09:12:23,BTCUSDT,bid,63700,564.5
2024-08-01 09:12:24,BTCUSDT,bid,63800,642.862
2024-08-01 09:12:25,BTCUSDT,bid,63600,612.223
2024-08-01 09:12:25,BTCUSDT,bid,63500,657.756
2024-08-01 09:12:26,BTCUSDT,bid,63800,642.859
2024-08-01 09:12:26,BTCUSDT,bid,63800,642.819
2024-08-01 09:12:28,BTCUSDT,bid,63800,642.821
2024-08-01 09:12:28,BTCUSDT,bid,63800,648.821
2024-08-01 09:12:29,BTCUSDT,bid,63800,648.868
2024-08-01 09:12:29,BTCUSDT,bid,63800,647.928
2024-08-01 09:12:30,BTCUSDT,bid,63800,647.921
2024-08-01 09:12:30,BTCUSDT,bid,63500,657.744
2024-08-01 09:12:32,BTCUSDT,bid,63500,657.757
2024-08-01 09:12:32,BTCUSDT,bid,63500,657.76
2024-08-01 09:12:33,BTCUSDT,bid,63600,612.173
2024-08-01 09:12:33,BTCUSDT,bid,63600,612.135
2024-08-01 09:12:33,BTCUSDT,bid,63700,564.506
2024-08-01 09:12:34,BTCUSDT,bid,63800,647.924
2024-08-01 09:12:34,BTCUSDT,bid,63700,564.284
2024-08-01 09:12:37,BTCUSDT,bid,63800,647.903
2024-08-01 09:12:37,BTCUSDT,bid,63600,611.899
2024-08-01 09:12:37,BTCUSDT,bid,63500,657.762
2024-08-01 09:12:40,BTCUSDT,bid,63600,611.915
2024-08-01 09:12:40,BTCUSDT,bid,63600,611.922
2024-08-01 09:12:40,BTCUSDT,bid,63500,657.764
2024-08-01 09:12:43,BTCUSDT,bid,63500,657.858
2024-08-01 09:12:43,BTCUSDT,bid,63700,564.319
2024-08-01 09:12:44,BTCUSDT,bid,63500,657.861
2024-08-01 09:12:45,BTCUSDT,bid,63700,564.28
2024-08-01 09:12:45,BTCUSDT,bid,63500,657.834
2024-08-01 09:12:45,BTCUSDT,bid,63800,647.904
2024-08-01 09:12:46,BTCUSDT,bid,63600,611.925
2024-08-01 09:12:46,BTCUSDT,bid,63800,647.919
2024-08-01 09:12:47,BTCUSDT,bid,63500,657.827
2024-08-01 09:12:47,BTCUSDT,bid,63500,657.891
2024-08-01 09:12:48,BTCUSDT,bid,63700,564.255
2024-08-01 09:12:50,BTCUSDT,bid,63700,564.259
2024-08-01 09:12:52,BTCUSDT,bid,63500,657.893
2024-08-01 09:12:52,BTCUSDT,bid,63600,611.963
2024-08-01 09:12:54,BTCUSDT,bid,63600,611.961
2024-08-01 09:12:55,BTCUSDT,bid,63700,564.255
2024-08-01 09:12:58,BTCUSDT,bid,63500,657.9
2024-08-01 09:13:04,BTCUSDT,bid,63700,564.257
2024-08-01 09:13:05,BTCUSDT,bid,63500,658.105
2024-08-01 09:13:06,BTCUSDT,bid,63700,564.253
2024-08-01 09:13:10,BTCUSDT,bid,63600,612.061
2024-08-01 09:13:10,BTCUSDT,bid,63800,647.99
2024-08-01 09:13:12,BTCUSDT,bid,63700,564.251
2024-08-01 09:13:14,BTCUSDT,bid,63600,612.064
2024-08-01 09:13:15,BTCUSDT,bid,63600,612.187
2024-08-01 09:13:16,BTCUSDT,bid,63500,658.116
2024-08-01 09:13:17,BTCUSDT,bid,63700,564.197
2024-08-01 09:13:17,BTCUSDT,bid,63500,658.194
2024-08-01 09:13:21,BTCUSDT,bid,63800,647.975
2024-08-01 09:13:22,BTCUSDT,bid,63500,658.196
2024-08-01 09:13:23,BTCUSDT,bid,63700,564.294
2024-08-01 09:13:25,BTCUSDT,bid,63800,647.977
2024-08-01 09:13:26,BTCUSDT,bid,63500,658.432
2024-08-01 09:13:28,BTCUSDT,bid,63500,658.332
2024-08-01 09:13:29,BTCUSDT,bid,63700,564.292
2024-08-01 09:13:32,BTCUSDT,bid,63500,657.925
2024-08-01 09:13:34,BTCUSDT,bid,63500,657.889
2024-08-01 09:13:36,BTCUSDT,bid,63800,647.989
2024-08-01 09:13:37,BTCUSDT,bid,63800,647.992
2024-08-01 09:13:41,BTCUSDT,bid,63600,612.167
2024-08-01 09:13:42,BTCUSDT,bid,63500,658.043
2024-08-01 09:13:42,BTCUSDT,bid,63500,660.008
2024-08-01 09:13:42,BTCUSDT,bid,63600,611.628
2024-08-01 09:13:42,BTCUSDT,bid,63500,660.788
2024-08-01 09:13:42,BTCUSDT,bid,63500,662.269
2024-08-01 09:13:42,BTCUSDT,bid,63500,664.453
2024-08-01 09:13:43,BTCUSDT,bid,63500,665.077
2024-08-01 09:13:43,BTCUSDT,bid,63500,665.231
2024-08-01 09:13:43,BTCUSDT,bid,63500,666.791
2024-08-01 09:13:43,BTCUSDT,bid,63500,667.415
2024-08-01 09:13:43,BTCUSDT,bid,63500,669.755
2024-08-01 09:13:43,BTCUSDT,bid,63500,671.315
2024-08-01 09:13:43,BTCUSDT,bid,63500,672.219
2024-08-01 09:13:43,BTCUSDT,bid,63500,673.623
2024-08-01 09:13:44,BTCUSDT,bid,63600,611.614
2024-08-01 09:13:44,BTCUSDT,bid,63500,673.904
2024-08-01 09:13:44,BTCUSDT,bid,63500,674.684
2024-08-01 09:13:44,BTCUSDT,bid,63800,647.99
2024-08-01 09:13:44,BTCUSDT,bid,63800,648.19
2024-08-01 09:13:45,BTCUSDT,bid,63700,564.261
2024-08-01 09:13:49,BTCUSDT,bid,63500,673.93
2024-08-01 09:13:49,BTCUSDT,bid,63600,611.623
2024-08-01 09:13:52,BTCUSDT,bid,63600,611.613
2024-08-01 09:13:52,BTCUSDT,bid,63600,611.628
2024-08-01 09:13:55,BTCUSDT,bid,63500,673.88
2024-08-01 09:13:57,BTCUSDT,bid,63600,611.678
2024-08-01 09:13:58,BTCUSDT,bid,63500,673.89
2024-08-01 09:13:58,BTCUSDT,bid,63700,564.574
2024-08-01 09:13:59,BTCUSDT,bid,63500,673.892
2024-08-01 09:13:59,BTCUSDT,bid,63600,611.709
2024-08-01 09:14:00,BTCUSDT,bid,63600,611.459
2024-08-01 09:14:00,BTCUSDT,bid,63800,647.94
2024-08-01 09:14:01,BTCUSDT,bid,63700,564.596
2024-08-01 09:14:05,BTCUSDT,bid,63800,647.869
2024-08-01 09:14:05,BTCUSDT,bid,63700,564.588
2024-08-01 09:14:06,BTCUSDT,bid,63500,673.792
2024-08-01 09:14:06,BTCUSDT,bid,63600,611.359
2024-08-01 09:14:06,BTCUSDT,bid,63700,564.488
2024-08-01 09:14:06,BTCUSDT,bid,63800,647.769
2024-08-01 09:14:09,BTCUSDT,bid,63600,611.374
2024-08-01 09:14:10,BTCUSDT,bid,63500,673.168
2024-08-01 09:14:11,BTCUSDT,bid,63800,646.966
2024-08-01 09:14:11,BTCUSDT,bid,63500,673.068
2024-08-01 09:14:11,BTCUSDT,bid,63700,564.588
2024-08-01 09:14:11,BTCUSDT,bid,63800,646.973
2024-08-01 09:14:16,BTCUSDT,bid,63700,564.59
2024-08-01 09:14:18,BTCUSDT,bid,63500,673.086
2024-08-01 09:14:21,BTCUSDT,bid,63500,673.066
2024-08-01 09:14:22,BTCUSDT,bid,63800,647.152
2024-08-01 09:14:26,BTCUSDT,bid,63500,672.661
2024-08-01 09:14:30,BTCUSDT,bid,63500,672.575
2024-08-01 09:14:31,BTCUSDT,bid,63500,671.795
2024-08-01 09:14:34,BTCUSDT,bid,63500,671.015
2024-08-01 09:14:35,BTCUSDT,bid,63500,671.025
2024-08-01 09:14:37,BTCUSDT,bid,63600,611.505
2024-08-01 09:14:38,BTCUSDT,bid,63500,671.03
2024-08-01 09:14:41,BTCUSDT,bid,63500,670.978
2024-08-01 09:14:41,BTCUSDT,bid,63700,564.587
2024-08-01 09:14:44,BTCUSDT,bid,63500,670.849
2024-08-01 09:14:45,BTCUSDT,bid,63600,611.536
2024-08-01 09:14:45,BTCUSDT,bid,63800,647.121
2024-08-01 09:14:45,BTCUSDT,bid,63700,564.307
2024-08-01 09:14:48,BTCUSDT,bid,63500,671.049
2024-08-01 09:14:52,BTCUSDT,bid,63500,670.269
2024-08-01 09:14:54,BTCUSDT,bid,63500,669.957
2024-08-01 09:14:55,BTCUSDT,bid,63500,669.177
2024-08-01 09:14:56,BTCUSDT,bid,63500,668.865
2024-08-01 09:14:57,BTCUSDT,bid,63700,564.617
2024-08-01 09:14:58,BTCUSDT,bid,63500,668.665
2024-08-01 09:14:58,BTCUSDT,bid,63500,668.755
2024-08-01 09:14:59,BTCUSDT,bid,63800,647.124
2024-08-01 09:15:00,BTCUSDT,bid,63500,668.131
2024-08-01 09:15:03,BTCUSDT,bid,63500,667.351
2024-08-01 09:15:03,BTCUSDT,bid,63500,667.426
2024-08-01 09:15:05,BTCUSDT,bid,63500,667.666
2024-08-01 09:15:05,BTCUSDT,bid,63500,667.692
2024-08-01 09:15:10,BTCUSDT,bid,63500,667.628
2024-08-01 09:15:13,BTCUSDT,bid,63800,647.121
2024-08-01 09:15:14,BTCUSDT,bid,63500,666.848
2024-08-01 09:15:16,BTCUSDT,bid,63600,611.85
2024-08-01 09:15:17,BTCUSDT,bid,63500,667.863
2024-08-01 09:15:19,BTCUSDT,bid,63700,564.667
2024-08-01 09:15:20,BTCUSDT,bid,63500,667.961
2024-08-01 09:15:21,BTCUSDT,bid,63500,667.647
2024-08-01 09:15:23,BTCUSDT,bid,63500,667.652
2024-08-01 09:15:24,BTCUSDT,bid,63500,667.66
2024-08-01 09:15:25,BTCUSDT,bid,63500,667.716
2024-08-01 09:15:26,BTCUSDT,bid,63500,666.936
2024-08-01 09:15:27,BTCUSDT,bid,63500,661.665
2024-08-01 09:15:27,BTCUSDT,bid,63500,658.673
2024-08-01 09:15:29,BTCUSDT,bid,63500,658.703
2024-08-01 09:15:30,BTCUSDT,bid,63500,658.696
2024-08-01 09:15:31,BTCUSDT,bid,63500,658.708
2024-08-01 09:15:32,BTCUSDT,bid,63500,658.706
2024-08-01 09:15:37,BTCUSDT,bid,63600,611.86
2024-08-01 09:15:37,BTCUSDT,bid,63500,658.713
2024-08-01 09:15:37,BTCUSDT,bid,63700,564.57
2024-08-01 09:15:38,BTCUSDT,bid,63700,564.572
2024-08-01 09:15:39,BTCUSDT,bid,63600,612.731
2024-08-01 09:15:40,BTCUSDT,bid,63500,658.726
2024-08-01 09:15:41,BTCUSDT,bid,63500,658.737
2024-08-01 09:15:42,BTCUSDT,bid,63800,647.121
2024-08-01 09:15:44,BTCUSDT,bid,63800,647.131
2024-08-01 09:15:45,BTCUSDT,bid,63800,647.121
2024-08-01 09:15:45,BTCUSDT,bid,63500,658.837
2024-08-01 09:15:45,BTCUSDT,bid,63500,659.037
2024-08-01 09:15:46,BTCUSDT,bid,63500,659.039
2024-08-01 09:15:46,BTCUSDT,bid,63500,659.295
2024-08-01 09:15:46,BTCUSDT,bid,63600,612.725
2024-08-01 09:15:47,BTCUSDT,bid,63700,565.139
2024-08-01 09:15:48,BTCUSDT,bid,63500,659.288
2024-08-01 09:15:48,BTCUSDT,bid,63600,612.728
2024-08-01 09:15:49,BTCUSDT,bid,63500,659.295
2024-08-01 09:15:49,BTCUSDT,bid,63800,647.082
2024-08-01 09:15:51,BTCUSDT,bid,63600,611.728
2024-08-01 09:15:51,BTCUSDT,bid,63800,647.069
2024-08-01 09:15:52,BTCUSDT,bid,63700,565.455
2024-08-01 09:15:55,BTCUSDT,bid,63800,659.581
2024-08-01 09:15:56,BTCUSDT,bid,63800,659.584
2024-08-01 09:15:58,BTCUSDT,bid,63500,659.342
2024-08-01 09:15:58,BTCUSDT,bid,63700,565.408
2024-08-01 09:15:59,BTCUSDT,bid,63500,659.345
2024-08-01 09:16:00,BTCUSDT,bid,63600,611.743
2024-08-01 09:16:01,BTCUSDT,bid,63500,659.545
2024-08-01 09:16:03,BTCUSDT,bid,63800,659.193
2024-08-01 09:16:03,BTCUSDT,bid,63500,659.345
2024-08-01 09:16:05,BTCUSDT,bid,63500,659.322
2024-08-01 09:16:05,BTCUSDT,bid,63700,565.358
2024-08-01 09:16:05,BTCUSDT,bid,63500,659.335
2024-08-01 09:16:05,BTCUSDT,bid,63500,659.35
2024-08-01 09:16:05,BTCUSDT,bid,63500,659.45
2024-08-01 09:16:06,BTCUSDT,bid,63500,659.877
2024-08-01 09:16:07,BTCUSDT,bid,63800,659.175
2024-08-01 09:16:08,BTCUSDT,bid,63500,659.875
2024-08-01 09:16:10,BTCUSDT,bid,63700,577.889
2024-08-01 09:16:10,BTCUSDT,bid,63800,646.663
2024-08-01 09:16:12,BTCUSDT,bid,63500,659.877
2024-08-01 09:16:12,BTCUSDT,bid,63500,659.875
2024-08-01 09:16:13,BTCUSDT,bid,63600,611.537
2024-08-01 09:16:13,BTCUSDT,bid,63500,659.931
2024-08-01 09:16:13,BTCUSDT,bid,63700,577.833
2024-08-01 09:16:16,BTCUSDT,bid,63500,660.041
2024-08-01 09:16:20,BTCUSDT,bid,63500,660.355
2024-08-01 09:16:20,BTCUSDT,bid,63700,577.844
2024-08-01 09:16:21,BTCUSDT,bid,63800,646.648
2024-08-01 09:16:22,BTCUSDT,bid,63600,611.576
2024-08-01 09:16:23,BTCUSDT,bid,63600,611.592
2024-08-01 09:16:25,BTCUSDT,bid,63500,660.555
2024-08-01 09:16:28,BTCUSDT,bid,63500,660.355
2024-08-01 09:16:29,BTCUSDT,bid,63700,577.847
2024-08-01 09:16:29,BTCUSDT,bid,63500,660.357
2024-08-01 09:16:31,BTCUSDT,bid,63500,660.328
2024-08-01 09:16:31,BTCUSDT,bid,63600,611.594
2024-08-01 09:16:31,BTCUSDT,bid,63800,646.648
2024-08-01 09:16:32,BTCUSDT,bid,63500,660.313
2024-08-01 09:16:32,BTCUSDT,bid,63700,577.841
2024-08-01 09:16:32,BTCUSDT,bid,63600,611.604
2024-08-01 09:16:33,BTCUSDT,bid,63800,646.648
2024-08-01 09:16:33,BTCUSDT,bid,63700,577.819
2024-08-01 09:16:33,BTCUSDT,bid,63800,646.65
2024-08-01 09:16:34,BTCUSDT,bid,63800,646.648
2024-08-01 09:16:34,BTCUSDT,bid,63800,646.648
2024-08-01 09:16:36,BTCUSDT,bid,63600,611.839
2024-08-01 09:16:38,BTCUSDT,bid,63500,660.323
2024-08-01 09:16:38,BTCUSDT,bid,63800,646.651
2024-08-01 09:16:40,BTCUSDT,bid,63500,660.311
2024-08-01 09:16:40,BTCUSDT,bid,63600,611.85
2024-08-01 09:16:42,BTCUSDT,bid,63600,611.932
2024-08-01 09:16:44,BTCUSDT,bid,63700,577.822
2024-08-01 09:16:46,BTCUSDT,bid,63700,577.791
2024-08-01 09:16:48,BTCUSDT,bid,63600,611.916
2024-08-01 09:16:48,BTCUSDT,bid,63600,611.949
2024-08-01 09:16:49,BTCUSDT,bid,63700,580.791
2024-08-01 09:16:50,BTCUSDT,bid,63600,611.952
2024-08-01 09:16:52,BTCUSDT,bid,63800,646.631
2024-08-01 09:16:55,BTCUSDT,bid,63700,580.591
2024-08-01 09:16:57,BTCUSDT,bid,63500,660.314
2024-08-01 09:16:57,BTCUSDT,bid,63500,660.427
2024-08-01 09:16:58,BTCUSDT,bid,63500,660.442
2024-08-01 09:16:58,BTCUSDT,bid,63700,568.06
2024-08-01 09:16:58,BTCUSDT,bid,63600,611.903
2024-08-01 09:16:59,BTCUSDT,bid,63600,611.949
2024-08-01 09:16:59,BTCUSDT,bid,63500,660.444
2024-08-01 09:17:00,BTCUSDT,bid,63500,660.676
2024-08-01 09:17:02,BTCUSDT,bid,63500,660.641
2024-08-01 09:17:02,BTCUSDT,bid,63800,646.315
2024-08-01 09:17:03,BTCUSDT,bid,63500,660.409
2024-08-01 09:17:04,BTCUSDT,bid,63500,660.412
2024-08-01 09:17:06,BTCUSDT,bid,63600,598.783
2024-08-01 09:17:07,BTCUSDT,bid,63700,568.105
2024-08-01 09:17:08,BTCUSDT,bid,63500,660.412
2024-08-01 09:17:10,BTCUSDT,bid,63800,646.309
2024-08-01 09:17:11,BTCUSDT,bid,63700,568.188
2024-08-01 09:17:12,BTCUSDT,bid,63500,660.409
2024-08-01 09:17:12,BTCUSDT,bid,63600,598.752
2024-08-01 09:17:12,BTCUSDT,bid,63500,660.435
2024-08-01 09:17:15,BTCUSDT,bid,63500,659.735
2024-08-01 09:17:15,BTCUSDT,bid,63700,568.19
2024-08-01 09:17:17,BTCUSDT,bid,63600,598.871
2024-08-01 09:17:18,BTCUSDT,bid,63600,598.886
2024-08-01 09:17:18,BTCUSDT,bid,63700,567.623
2024-08-01 09:17:21,BTCUSDT,bid,63500,659.728
2024-08-01 09:17:22,BTCUSDT,bid,63500,659.715
2024-08-01 09:17:22,BTCUSDT,bid,63500,659.707
2024-08-01 09:17:22,BTCUSDT,bid,63600,598.876
2024-08-01 09:17:22,BTCUSDT,bid,63700,567.613
2024-08-01 09:17:22,BTCUSDT,bid,63800,646.299
2024-08-01 09:17:22,BTCUSDT,bid,63800,646.281
2024-08-01 09:17:23,BTCUSDT,bid,63700,567.638
2024-08-01 09:17:24,BTCUSDT,bid,63600,599.108
2024-08-01 09:17:26,BTCUSDT,bid,63700,580.168
2024-08-01 09:17:27,BTCUSDT,bid,63600,599.116
2024-08-01 09:17:27,BTCUSDT,bid,63500,658.707
2024-08-01 09:17:27,BTCUSDT,bid,63600,600.116
2024-08-01 09:17:29,BTCUSDT,bid,63500,658.772
2024-08-01 09:17:29,BTCUSDT,bid,63700,580.172
2024-08-01 09:17:33,BTCUSDT,bid,63600,600.14
2024-08-01 09:17:34,BTCUSDT,bid,63600,600.165
2024-08-01 09:17:34,BTCUSDT,bid,63500,660.472
2024-08-01 09:17:35,BTCUSDT,bid,63800,646.383
2024-08-01 09:17:37,BTCUSDT,bid,63500,660.443
2024-08-01 09:17:39,BTCUSDT,bid,63500,660.4
2024-08-01 09:17:40,BTCUSDT,bid,63700,580.203
2024-08-01 09:17:40,BTCUSDT,bid,63800,646.352
2024-08-01 09:17:46,BTCUSDT,bid,63500,660.454
2024-08-01 09:17:46,BTCUSDT,bid,63800,645.852
2024-08-01 09:17:47,BTCUSDT,bid,63500,660.329
2024-08-01 09:17:48,BTCUSDT,bid,63500,662.829
2024-08-01 09:17:49,BTCUSDT,bid,63500,662.802
2024-08-01 09:17:51,BTCUSDT,bid,63800,645.962
2024-08-01 09:17:52,BTCUSDT,bid,63500,662.817
2024-08-01 09:17:52,BTCUSDT,bid,63600,600.023
2024-08-01 09:17:56,BTCUSDT,bid,63500,661.284
2024-08-01 09:17:56,BTCUSDT,bid,63700,567.673
2024-08-01 09:17:56,BTCUSDT,bid,63500,661.282
2024-08-01 09:17:58,BTCUSDT,bid,63700,567.591
2024-08-01 09:17:59,BTCUSDT,bid,63600,600.02
2024-08-01 09:18:00,BTCUSDT,bid,63800,645.976
2024-08-01 09:18:02,BTCUSDT,bid,63500,661.284
2024-08-01 09:18:02,BTCUSDT,bid,63800,645.973
2024-08-01 09:18:04,BTCUSDT,bid,63700,567.201
2024-08-01 09:18:05,BTCUSDT,bid,63700,564.201
2024-08-01 09:18:06,BTCUSDT,bid,63500,661.332
2024-08-01 09:18:08,BTCUSDT,bid,63500,661.5
2024-08-01 09:18:08,BTCUSDT,bid,63500,661.498
2024-08-01 09:18:10,BTCUSDT,bid,63800,645.983
2024-08-01 09:18:11,BTCUSDT,bid,63600,600.462
2024-08-01 09:18:11,BTCUSDT,bid,63600,600.156
2024-08-01 09:18:12,BTCUSDT,bid,63700,564.188
2024-08-01 09:18:13,BTCUSDT,bid,63500,661.494
2024-08-01 09:18:15,BTCUSDT,bid,63700,564.125
2024-08-01 09:18:15,BTCUSDT,bid,63600,599.714
2024-08-01 09:18:19,BTCUSDT,bid,63700,564.139
2024-08-01 09:18:19,BTCUSDT,bid,63600,599.703
2024-08-01 09:18:21,BTCUSDT,bid,63600,599.664
2024-08-01 09:18:22,BTCUSDT,bid,63600,599.97
2024-08-01 09:18:22,BTCUSDT,bid,63500,661.509
2024-08-01 09:18:25,BTCUSDT,bid,63700,564.152
2024-08-01 09:18:25,BTCUSDT,bid,63600,599.963
2024-08-01 09:18:25,BTCUSDT,bid,63800,645.976
2024-08-01 09:18:30,BTCUSDT,bid,63500,661.502
2024-08-01 09:18:32,BTCUSDT,bid,63600,599.657
2024-08-01 09:18:33,BTCUSDT,bid,63500,661.412
2024-08-01 09:18:33,BTCUSDT,bid,63700,564.142
2024-08-01 09:18:35,BTCUSDT,bid,63600,599.659
2024-08-01 09:18:40,BTCUSDT,bid,63500,661.462
2024-08-01 09:18:41,BTCUSDT,bid,63500,661.455
2024-08-01 09:18:42,BTCUSDT,bid,63500,661.465
2024-08-01 09:18:47,BTCUSDT,bid,63800,645.987
2024-08-01 09:18:47,BTCUSDT,bid,63500,661.514
2024-08-01 09:18:48,BTCUSDT,bid,63500,661.576
2024-08-01 09:18:48,BTCUSDT,bid,63600,599.849
2024-08-01 09:18:49,BTCUSDT,bid,63800,620.987
2024-08-01 09:18:50,BTCUSDT,bid,63500,661.578
2024-08-01 09:18:53,BTCUSDT,bid,63500,661.573
2024-08-01 09:18:53,BTCUSDT,bid,63600,599.847
2024-08-01 09:18:54,BTCUSDT,bid,63800,620.976
2024-08-01 09:18:56,BTCUSDT,bid,63600,600.153
2024-08-01 09:18:59,BTCUSDT,bid,63500,661.575
2024-08-01 09:18:59,BTCUSDT,bid,63700,564.14
2024-08-01 09:18:59,BTCUSDT,bid,63500,661.569
2024-08-01 09:18:59,BTCUSDT,bid,63500,661.536
2024-08-01 09:19:02,BTCUSDT,bid,63800,621.077
2024-08-01 09:19:03,BTCUSDT,bid,63700,564.144
2024-08-01 09:19:03,BTCUSDT,bid,63600,600.509
2024-08-01 09:19:08,BTCUSDT,bid,63800,621.027
2024-08-01 09:19:09,BTCUSDT,bid,63500,661.85
2024-08-01 09:19:10,BTCUSDT,bid,63600,600.507
2024-08-01 09:19:10,BTCUSDT,bid,63800,621.006
2024-08-01 09:19:11,BTCUSDT,bid,63600,600.418
2024-08-01 09:19:11,BTCUSDT,bid,63800,621.006
2024-08-01 09:19:15,BTCUSDT,bid,63800,620.98
2024-08-01 09:19:16,BTCUSDT,bid,63800,621.013
2024-08-01 09:19:16,BTCUSDT,bid,63600,600.616
2024-08-01 09:19:17,BTCUSDT,bid,63700,564.13
2024-08-01 09:19:25,BTCUSDT,bid,63600,600.6
2024-08-01 09:19:30,BTCUSDT,bid,63800,621.036
2024-08-01 09:19:33,BTCUSDT,bid,63600,600.286
2024-08-01 09:19:37,BTCUSDT,bid,63500,661.852
2024-08-01 09:19:37,BTCUSDT,bid,63700,567.13
2024-08-01 09:19:37,BTCUSDT,bid,63800,621.053
2024-08-01 09:19:37,BTCUSDT,bid,63500,662.009
2024-08-01 09:19:38,BTCUSDT,bid,63500,662.014
2024-08-01 09:19:40,BTCUSDT,bid,63500,662.017
2024-08-01 09:19:40,BTCUSDT,bid,63500,662.002
2024-08-01 09:19:41,BTCUSDT,bid,63800,620.679
2024-08-01 09:19:41,BTCUSDT,bid,63600,600.304
2024-08-01 09:19:43,BTCUSDT,bid,63800,620.699
2024-08-01 09:19:43,BTCUSDT,bid,63500,662.062
2024-08-01 09:19:44,BTCUSDT,bid,63800,620.697
2024-08-01 09:19:45,BTCUSDT,bid,63500,662.067
2024-08-01 09:19:46,BTCUSDT,bid,63800,620.707
2024-08-01 09:19:48,BTCUSDT,bid,63500,662.065
2024-08-01 09:19:49,BTCUSDT,bid,63600,600.504
2024-08-01 09:19:50,BTCUSDT,bid,63800,620.704
2024-08-01 09:19:51,BTCUSDT,bid,63600,600.506
2024-08-01 09:19:51,BTCUSDT,bid,63700,567.18
2024-08-01 09:19:53,BTCUSDT,bid,63800,620.634
2024-08-01 09:19:53,BTCUSDT,bid,63700,567.176
2024-08-01 09:19:53,BTCUSDT,bid,63500,662.009
2024-08-01 09:19:54,BTCUSDT,bid,63800,620.636
2024-08-01 09:19:54,BTCUSDT,bid,63500,661.943
2024-08-01 09:19:54,BTCUSDT,bid,63700,567.176
2024-08-01 09:19:55,BTCUSDT,bid,63700,567.176
2024-08-01 09:19:56,BTCUSDT,bid,63600,600.508
2024-08-01 09:19:56,BTCUSDT,bid,63500,661.948
2024-08-01 09:19:57,BTCUSDT,bid,63700,567.276
2024-08-01 09:19:57,BTCUSDT,bid,63500,661.962
2024-08-01 09:19:57,BTCUSDT,bid,63800,620.655
2024-08-01 09:19:58,BTCUSDT,bid,63600,600.333
2024-08-01 09:19:58,BTCUSDT,bid,63600,600.331
2024-08-01 09:19:58,BTCUSDT,bid,63800,620.916
2024-08-01 09:19:58,BTCUSDT,bid,63700,567.274
2024-08-01 09:19:58,BTCUSDT,bid,63800,621.916
2024-08-01 09:19:59,BTCUSDT,bid,63600,600.38
2024-08-01 09:19:59,BTCUSDT,bid,63600,600.382
2024-08-01 09:20:00,BTCUSDT,bid,63700,569.306
2024-08-01 09:20:00,BTCUSDT,bid,63600,600.38
2024-08-01 09:20:00,BTCUSDT,bid,63600,600.39
2024-08-01 09:20:00,BTCUSDT,bid,63800,621.994
2024-08-01 09:20:00,BTCUSDT,bid,63700,569.206
2024-08-01 09:20:00,BTCUSDT,bid,63800,620.994
2024-08-01 09:20:02,BTCUSDT,bid,63600,600.39
2024-08-01 09:20:02,BTCUSDT,bid,63700,569.773
2024-08-01 09:20:02,BTCUSDT,bid,63600,600.445
2024-08-01 09:20:03,BTCUSDT,bid,63600,600.245
2024-08-01 09:20:03,BTCUSDT,bid,63500,661.964
2024-08-01 09:20:04,BTCUSDT,bid,63800,621.094
2024-08-01 09:20:04,BTCUSDT,bid,63600,600.276
2024-08-01 09:20:04,BTCUSDT,bid,63800,621.144
2024-08-01 09:20:05,BTCUSDT,bid,63800,621.129
2024-08-01 09:20:05,BTCUSDT,bid,63700,569.777
2024-08-01 09:20:06,BTCUSDT,bid,63500,661.864
2024-08-01 09:20:06,BTCUSDT,bid,63700,569.772
2024-08-01 09:20:07,BTCUSDT,bid,63800,620.929
2024-08-01 09:20:10,BTCUSDT,bid,63800,620.922
2024-08-01 09:20:11,BTCUSDT,bid,63700,569.972
2024-08-01 09:20:11,BTCUSDT,bid,63500,661.744
2024-08-01 09:20:11,BTCUSDT,bid,63800,620.92
2024-08-01 09:20:11,BTCUSDT,bid,63800,620.927
2024-08-01 09:20:12,BTCUSDT,bid,63800,620.966
2024-08-01 09:20:13,BTCUSDT,bid,63800,620.968
2024-08-01 09:20:14,BTCUSDT,bid,63600,600.296
2024-08-01 09:20:14,BTCUSDT,bid,63500,661.761
2024-08-01 09:20:14,BTCUSDT,bid,63600,600.298
2024-08-01 09:20:15,BTCUSDT,bid,63600,600.296
2024-08-01 09:20:16,BTCUSDT,bid,63800,621.268
2024-08-01 09:20:17,BTCUSDT,bid,63800,621.266
2024-08-01 09:20:17,BTCUSDT,bid,63500,661.767
2024-08-01 09:20:18,BTCUSDT,bid,63800,621.268
2024-08-01 09:20:18,BTCUSDT,bid,63800,621.266
2024-08-01 09:20:20,BTCUSDT,bid,63500,661.77
2024-08-01 09:20:21,BTCUSDT,bid,63800,621.264
2024-08-01 09:20:23,BTCUSDT,bid,63800,621.266
2024-08-01 09:20:23,BTCUSDT,bid,63800,621.276
2024-08-01 09:20:24,BTCUSDT,bid,63600,600.298
2024-08-01 09:20:26,BTCUSDT,bid,63700,568.04
2024-08-01 09:20:26,BTCUSDT,bid,63500,661.704
2024-08-01 09:20:27,BTCUSDT,bid,63800,621.375
2024-08-01 09:20:28,BTCUSDT,bid,63800,621.385
2024-08-01 09:20:29,BTCUSDT,bid,63700,567.94
2024-08-01 09:20:29,BTCUSDT,bid,63800,621.286
2024-08-01 09:20:29,BTCUSDT,bid,63600,600.296
2024-08-01 09:20:30,BTCUSDT,bid,63600,600.298
2024-08-01 09:20:31,BTCUSDT,bid,63600,600.296
2024-08-01 09:20:31,BTCUSDT,bid,63700,567.89
2024-08-01 09:20:31,BTCUSDT,bid,63800,621.136
2024-08-01 09:20:31,BTCUSDT,bid,63500,661.719
2024-08-01 09:20:32,BTCUSDT,bid,63600,600.298
2024-08-01 09:20:33,BTCUSDT,bid,63600,600.296
2024-08-01 09:20:34,BTCUSDT,bid,63800,621.134
2024-08-01 09:20:36,BTCUSDT,bid,63800,621.136
2024-08-01 09:20:36,BTCUSDT,bid,63800,621.111
2024-08-01 09:20:37,BTCUSDT,bid,63500,661.919
2024-08-01 09:20:38,BTCUSDT,bid,63500,661.767
2024-08-01 09:20:39,BTCUSDT,bid,63500,661.867
2024-08-01 09:20:39,BTCUSDT,bid,63700,567.917
2024-08-01 09:20:40,BTCUSDT,bid,63500,661.835
2024-08-01 09:20:40,BTCUSDT,bid,63700,567.967
2024-08-01 09:20:40,BTCUSDT,bid,63800,621.189
2024-08-01 09:20:41,BTCUSDT,bid,63600,600.3
2024-08-01 09:20:41,BTCUSDT,bid,63500,660.835
2024-08-01 09:20:43,BTCUSDT,bid,63500,659.682
2024-08-01 09:20:44,BTCUSDT,bid,63500,659.707
2024-08-01 09:20:45,BTCUSDT,bid,63500,659.84
2024-08-01 09:20:46,BTCUSDT,bid,63600,600.347
2024-08-01 09:20:48,BTCUSDT,bid,63500,659.848
2024-08-01 09:20:49,BTCUSDT,bid,63700,567.998
2024-08-01 09:20:51,BTCUSDT,bid,63600,600.343
2024-08-01 09:20:52,BTCUSDT,bid,63500,659.98
2024-08-01 09:20:52,BTCUSDT,bid,63600,600.393
2024-08-01 09:20:52,BTCUSDT,bid,63800,621.204
2024-08-01 09:20:52,BTCUSDT,bid,63500,659.985
2024-08-01 09:20:53,BTCUSDT,bid,63500,659.895
2024-08-01 09:20:53,BTCUSDT,bid,63800,621.209
2024-08-01 09:20:54,BTCUSDT,bid,63600,600.409
2024-08-01 09:20:54,BTCUSDT,bid,63500,659.995
2024-08-01 09:20:55,BTCUSDT,bid,63600,600.609
2024-08-01 09:20:55,BTCUSDT,bid,63800,621.309
2024-08-01 09:20:58,BTCUSDT,bid,63500,660.026
2024-08-01 09:20:58,BTCUSDT,bid,63600,600.612
2024-08-01 09:20:58,BTCUSDT,bid,63800,621.602
2024-08-01 09:20:58,BTCUSDT,bid,63500,660.03
2024-08-01 09:20:59,BTCUSDT,bid,63800,621.598
2024-08-01 09:20:59,BTCUSDT,bid,63700,567.948
2024-08-01 09:20:59,BTCUSDT,bid,63800,621.512
2024-08-01 09:20:59,BTCUSDT,bid,63700,568.048
2024-08-01 09:21:02,BTCUSDT,bid,63500,660.033
2024-08-01 09:21:03,BTCUSDT,bid,63700,568.045
2024-08-01 09:21:03,BTCUSDT,bid,63500,660.031
2024-08-01 09:21:03,BTCUSDT,bid,63500,660.038
2024-08-01 09:21:03,BTCUSDT,bid,63600,600.712
2024-08-01 09:21:04,BTCUSDT,bid,63800,621.33
2024-08-01 09:21:04,BTCUSDT,bid,63500,660.116
2024-08-01 09:21:04,BTCUSDT,bid,63800,621.325
2024-08-01 09:21:07,BTCUSDT,bid,63800,621.29
2024-08-01 09:21:07,BTCUSDT,bid,63500,660.216
2024-08-01 09:21:09,BTCUSDT,bid,63700,568.015
2024-08-01 09:21:11,BTCUSDT,bid,63500,660.244
2024-08-01 09:21:13,BTCUSDT,bid,63500,660.547
2024-08-01 09:21:13,BTCUSDT,bid,63500,660.747
2024-08-01 09:21:13,BTCUSDT,bid,63600,600.709
2024-08-01 09:21:14,BTCUSDT,bid,63500,661.13
2024-08-01 09:21:14,BTCUSDT,bid,63800,621.293
2024-08-01 09:21:15,BTCUSDT,bid,63500,661.065
2024-08-01 09:21:16,BTCUSDT,bid,63700,568.011
2024-08-01 09:21:20,BTCUSDT,bid,63500,661.1
2024-08-01 09:21:20,BTCUSDT,bid,63500,661.112
2024-08-01 09:21:20,BTCUSDT,bid,63500,661.116
2024-08-01 09:21:21,BTCUSDT,bid,63500,661.206
2024-08-01 09:21:23,BTCUSDT,bid,63800,619.922
2024-08-01 09:21:23,BTCUSDT,bid,63500,661.215
2024-08-01 09:21:23,BTCUSDT,bid,63800,619.924
2024-08-01 09:21:25,BTCUSDT,bid,63700,568.011
2024-08-01 09:21:25,BTCUSDT,bid,63600,600.711
2024-08-01 09:21:26,BTCUSDT,bid,63500,661.217
2024-08-01 09:21:27,BTCUSDT,bid,63600,600.709
2024-08-01 09:21:28,BTCUSDT,bid,63800,619.824
2024-08-01 09:21:28,BTCUSDT,bid,63500,661.771
2024-08-01 09:21:28,BTCUSDT,bid,63600,600.711
2024-08-01 09:21:28,BTCUSDT,bid,63600,600.709
2024-08-01 09:21:29,BTCUSDT,bid,63500,661.871
2024-08-01 09:21:30,BTCUSDT,bid,63600,600.711
2024-08-01 09:21:30,BTCUSDT,bid,63500,661.868
2024-08-01 09:21:32,BTCUSDT,bid,63600,600.717
2024-08-01 09:21:32,BTCUSDT,bid,63800,619.816
2024-08-01 09:21:34,BTCUSDT,bid,63600,600.719
2024-08-01 09:21:34,BTCUSDT,bid,63700,568.065
2024-08-01 09:21:35,BTCUSDT,bid,63800,619.915
2024-08-01 09:21:36,BTCUSDT,bid,63800,619.816
2024-08-01 09:21:41,BTCUSDT,bid,63500,661.568
2024-08-01 09:21:41,BTCUSDT,bid,63600,600.717
2024-08-01 09:21:42,BTCUSDT,bid,63800,619.823
2024-08-01 09:21:42,BTCUSDT,bid,63600,600.719
2024-08-01 09:21:43,BTCUSDT,bid,63600,600.717
2024-08-01 09:21:43,BTCUSDT,bid,63700,568.165
2024-08-01 09:21:44,BTCUSDT,bid,63800,619.821
2024-08-01 09:21:45,BTCUSDT,bid,63800,629.821
2024-08-01 09:21:45,BTCUSDT,bid,63500,661.578
2024-08-01 09:21:45,BTCUSDT,bid,63800,629.823
2024-08-01 09:21:46,BTCUSDT,bid,63700,568.167
2024-08-01 09:21:46,BTCUSDT,bid,63800,629.821
2024-08-01 09:21:46,BTCUSDT,bid,63700,568.067
2024-08-01 09:21:47,BTCUSDT,bid,63800,629.823
2024-08-01 09:21:47,BTCUSDT,bid,63500,661.628
2024-08-01 09:21:48,BTCUSDT,bid,63600,600.719
2024-08-01 09:21:48,BTCUSDT,bid,63500,661.635
2024-08-01 09:21:48,BTCUSDT,bid,63500,661.621
2024-08-01 09:21:48,BTCUSDT,bid,63800,629.723
2024-08-01 09:21:50,BTCUSDT,bid,63500,661.623
2024-08-01 09:21:50,BTCUSDT,bid,63500,661.143
2024-08-01 09:21:51,BTCUSDT,bid,63700,568.167
2024-08-01 09:21:51,BTCUSDT,bid,63800,629.738
2024-08-01 09:21:52,BTCUSDT,bid,63800,629.747
2024-08-01 09:21:52,BTCUSDT,bid,63600,600.717
2024-08-01 09:21:53,BTCUSDT,bid,63700,568.067
2024-08-01 09:21:54,BTCUSDT,bid,63500,661.153
2024-08-01 09:21:55,BTCUSDT,bid,63500,661.093
2024-08-01 09:21:56,BTCUSDT,bid,63600,600.719
2024-08-01 09:21:56,BTCUSDT,bid,63600,600.717
2024-08-01 09:21:56,BTCUSDT,bid,63500,661.504
2024-08-01 09:21:57,BTCUSDT,bid,63500,661.506
2024-08-01 09:21:57,BTCUSDT,bid,63700,568.167
2024-08-01 09:21:57,BTCUSDT,bid,63800,629.669
2024-08-01 09:21:58,BTCUSDT,bid,63500,663.511
2024-08-01 09:21:58,BTCUSDT,bid,63500,663.509
2024-08-01 09:21:58,BTCUSDT,bid,63800,629.668
2024-08-01 09:21:59,BTCUSDT,bid,63500,663.511
2024-08-01 09:21:59,BTCUSDT,bid,63700,568.123
2024-08-01 09:22:00,BTCUSDT,bid,63600,600.719
2024-08-01 09:22:01,BTCUSDT,bid,63500,663.492
2024-08-01 09:22:01,BTCUSDT,bid,63600,600.717
2024-08-01 09:22:01,BTCUSDT,bid,63600,600.719
2024-08-01 09:22:01,BTCUSDT,bid,63800,629.666
2024-08-01 09:22:01,BTCUSDT,bid,63800,629.664
2024-08-01 09:22:01,BTCUSDT,bid,63500,663.474
2024-08-01 09:22:02,BTCUSDT,bid,63800,629.666
2024-08-01 09:22:03,BTCUSDT,bid,63600,600.721
2024-08-01 09:22:03,BTCUSDT,bid,63600,600.702
2024-08-01 09:22:04,BTCUSDT,bid,63800,629.773
2024-08-01 09:22:04,BTCUSDT,bid,63800,629.765
2024-08-01 09:22:05,BTCUSDT,bid,63500,663.434
2024-08-01 09:22:05,BTCUSDT,bid,63700,568.118
2024-08-01 09:22:05,BTCUSDT,bid,63700,568.088
2024-08-01 09:22:06,BTCUSDT,bid,63800,629.804
2024-08-01 09:22:06,BTCUSDT,bid,63800,629.705
2024-08-01 09:22:07,BTCUSDT,bid,63800,629.698
2024-08-01 09:22:08,BTCUSDT,bid,63500,663.334
2024-08-01 09:22:10,BTCUSDT,bid,63600,600.733
2024-08-01 09:22:11,BTCUSDT,bid,63600,601.212
2024-08-01 09:22:11,BTCUSDT,bid,63700,567.521
2024-08-01 09:22:11,BTCUSDT,bid,63800,629.729
2024-08-01 09:22:12,BTCUSDT,bid,63800,629.724
2024-08-01 09:22:12,BTCUSDT,bid,63700,567.524
2024-08-01 09:22:13,BTCUSDT,bid,63800,631.977
2024-08-01 09:22:14,BTCUSDT,bid,63800,629.724
2024-08-01 09:22:15,BTCUSDT,bid,63500,663.364
2024-08-01 09:22:16,BTCUSDT,bid,63800,629.979
2024-08-01 09:22:17,BTCUSDT,bid,63800,629.818
2024-08-01 09:22:18,BTCUSDT,bid,63800,629.797
2024-08-01 09:22:19,BTCUSDT,bid,63700,567.576
2024-08-01 09:22:20,BTCUSDT,bid,63500,663.514
2024-08-01 09:22:22,BTCUSDT,bid,63700,567.559
2024-08-01 09:22:23,BTCUSDT,bid,63600,601.235
2024-08-01 09:22:24,BTCUSDT,bid,63700,567.359
2024-08-01 09:22:28,BTCUSDT,bid,63500,663.535
2024-08-01 09:22:29,BTCUSDT,bid,63800,629.758
2024-08-01 09:22:29,BTCUSDT,bid,63600,601.242
2024-08-01 09:22:30,BTCUSDT,bid,63500,663.541
2024-08-01 09:22:31,BTCUSDT,bid,63500,663.523
2024-08-01 09:22:32,BTCUSDT,bid,63700,567.25
2024-08-01 09:22:32,BTCUSDT,bid,63700,567.291
2024-08-01 09:22:35,BTCUSDT,bid,63500,663.68
2024-08-01 09:22:37,BTCUSDT,bid,63700,567.265
2024-08-01 09:22:37,BTCUSDT,bid,63500,663.737
2024-08-01 09:22:37,BTCUSDT,bid,63500,663.758
2024-08-01 09:22:38,BTCUSDT,bid,63600,601.279
2024-08-01 09:22:38,BTCUSDT,bid,63600,600.923
2024-08-01 09:22:39,BTCUSDT,bid,63600,600.333
2024-08-01 09:22:39,BTCUSDT,bid,63800,629.747
2024-08-01 09:22:40,BTCUSDT,bid,63500,663.762
2024-08-01 09:22:41,BTCUSDT,bid,63500,663.76
2024-08-01 09:22:42,BTCUSDT,bid,63800,629.749
2024-08-01 09:22:43,BTCUSDT,bid,63600,600.256
2024-08-01 09:22:44,BTCUSDT,bid,63800,629.716
2024-08-01 09:22:46,BTCUSDT,bid,63800,629.726
2024-08-01 09:22:46,BTCUSDT,bid,63500,663.372
2024-08-01 09:22:46,BTCUSDT,bid,63600,600.644
2024-08-01 09:22:48,BTCUSDT,bid,63500,663.392
2024-08-01 09:22:49,BTCUSDT,bid,63600,600.462
2024-08-01 09:22:50,BTCUSDT,bid,63700,567.297
2024-08-01 09:22:51,BTCUSDT,bid,63500,663.544
2024-08-01 09:22:53,BTCUSDT,bid,63500,663.575
2024-08-01 09:22:54,BTCUSDT,bid,63800,629.749
2024-08-01 09:22:56,BTCUSDT,bid,63800,629.71
2024-08-01 09:22:57,BTCUSDT,bid,63500,663.57
2024-08-01 09:22:58,BTCUSDT,bid,63500,663.578
2024-08-01 09:22:58,BTCUSDT,bid,63500,663.613
2024-08-01 09:22:58,BTCUSDT,bid,63600,600.47
2024-08-01 09:22:59,BTCUSDT,bid,63600,600.433
2024-08-01 09:22:59,BTCUSDT,bid,63700,567.316
2024-08-01 09:22:59,BTCUSDT,bid,63500,663.644
2024-08-01 09:23:00,BTCUSDT,bid,63800,629.417
2024-08-01 09:23:00,BTCUSDT,bid,63700,567.883
2024-08-01 09:23:01,BTCUSDT,bid,63600,600.476
2024-08-01 09:23:02,BTCUSDT,bid,63500,663.651
2024-08-01 09:23:02,BTCUSDT,bid,63800,629.322
2024-08-01 09:23:03,BTCUSDT,bid,63600,600.869
2024-08-01 09:23:05,BTCUSDT,bid,63500,663.674
2024-08-01 09:23:05,BTCUSDT,bid,63500,663.626
2024-08-01 09:23:08,BTCUSDT,bid,63700,567.891
2024-08-01 09:23:10,BTCUSDT,bid,63800,623.322
2024-08-01 09:23:10,BTCUSDT,bid,63500,664.626
2024-08-01 09:23:12,BTCUSDT,bid,63500,664.692
2024-08-01 09:23:12,BTCUSDT,bid,63500,664.694
2024-08-01 09:23:13,BTCUSDT,bid,63600,600.886
2024-08-01 09:23:15,BTCUSDT,bid,63600,600.896
2024-08-01 09:23:15,BTCUSDT,bid,63800,623.33
2024-08-01 09:23:18,BTCUSDT,bid,63500,814.694
2024-08-01 09:23:19,BTCUSDT,bid,63500,819.694
2024-08-01 09:23:19,BTCUSDT,bid,63600,606.896
2024-08-01 09:23:20,BTCUSDT,bid,63500,820.475
2024-08-01 09:23:20,BTCUSDT,bid,63700,567.391
2024-08-01 09:23:20,BTCUSDT,bid,63500,820.477
2024-08-01 09:23:21,BTCUSDT,bid,63600,606.893
2024-08-01 09:23:22,BTCUSDT,bid,63500,820.377
2024-08-01 09:23:23,BTCUSDT,bid,63800,624.217
2024-08-01 09:23:24,BTCUSDT,bid,63600,606.984
2024-08-01 09:23:25,BTCUSDT,bid,63500,820.379
2024-08-01 09:23:26,BTCUSDT,bid,63500,820.45
2024-08-01 09:23:27,BTCUSDT,bid,63500,820.411
2024-08-01 09:23:29,BTCUSDT,bid,63600,606.67
2024-08-01 09:23:29,BTCUSDT,bid,63600,606.674
2024-08-01 09:23:30,BTCUSDT,bid,63500,820.422
2024-08-01 09:23:30,BTCUSDT,bid,63500,820.427
2024-08-01 09:23:31,BTCUSDT,bid,63500,820.442
2024-08-01 09:23:33,BTCUSDT,bid,63500,821.229
2024-08-01 09:23:33,BTCUSDT,bid,63700,567.359
2024-08-01 09:23:34,BTCUSDT,bid,63500,821.224
2024-08-01 09:23:35,BTCUSDT,bid,63600,607.219
2024-08-01 09:23:35,BTCUSDT,bid,63500,821.24
2024-08-01 09:23:36,BTCUSDT,bid,63500,821.26
2024-08-01 09:23:36,BTCUSDT,bid,63800,624.225
2024-08-01 09:23:36,BTCUSDT,bid,63800,622.225
2024-08-01 09:23:37,BTCUSDT,bid,63700,567.361
2024-08-01 09:23:38,BTCUSDT,bid,63500,821.46
2024-08-01 09:23:39,BTCUSDT,bid,63600,607.258
2024-08-01 09:23:39,BTCUSDT,bid,63800,622.186
2024-08-01 09:23:41,BTCUSDT,bid,63800,622.171
2024-08-01 09:23:43,BTCUSDT,bid,63500,821.476
2024-08-01 09:23:44,BTCUSDT,bid,63500,821.554
2024-08-01 09:23:44,BTCUSDT,bid,63800,622.093
2024-08-01 09:23:45,BTCUSDT,bid,63500,821.574
2024-08-01 09:23:45,BTCUSDT,bid,63500,823.574
2024-08-01 09:23:45,BTCUSDT,bid,63500,823.662
2024-08-01 09:23:45,BTCUSDT,bid,63800,622.053
2024-08-01 09:23:46,BTCUSDT,bid,63800,622.087
2024-08-01 09:23:46,BTCUSDT,bid,63500,823.669
2024-08-01 09:23:47,BTCUSDT,bid,63800,622.081
2024-08-01 09:23:47,BTCUSDT,bid,63800,621.141
2024-08-01 09:23:48,BTCUSDT,bid,63700,567.363
2024-08-01 09:23:48,BTCUSDT,bid,63600,607.258
2024-08-01 09:23:49,BTCUSDT,bid,63600,607.268
2024-08-01 09:23:50,BTCUSDT,bid,63600,607.268
2024-08-01 09:23:50,BTCUSDT,bid,63700,567.364
2024-08-01 09:23:50,BTCUSDT,bid,63700,567.564
2024-08-01 09:23:50,BTCUSDT,bid,63500,823.662
2024-08-01 09:23:51,BTCUSDT,bid,63500,823.712
2024-08-01 09:23:51,BTCUSDT,bid,63600,607.27
2024-08-01 09:23:51,BTCUSDT,bid,63700,567.566
2024-08-01 09:23:51,BTCUSDT,bid,63800,621.143
2024-08-01 09:23:51,BTCUSDT,bid,63800,621.109
2024-08-01 09:23:52,BTCUSDT,bid,63600,607.27
2024-08-01 09:23:52,BTCUSDT,bid,63500,823.641
2024-08-01 09:23:52,BTCUSDT,bid,63600,607.272
2024-08-01 09:23:53,BTCUSDT,bid,63600,607.27
2024-08-01 09:23:53,BTCUSDT,bid,63500,823.656
2024-08-01 09:23:53,BTCUSDT,bid,63600,607.27
2024-08-01 09:23:54,BTCUSDT,bid,63600,609.628
2024-08-01 09:23:56,BTCUSDT,bid,63800,621.111
2024-08-01 09:23:56,BTCUSDT,bid,63500,823.683
2024-08-01 09:23:56,BTCUSDT,bid,63800,621.135
2024-08-01 09:23:58,BTCUSDT,bid,63500,824.47
2024-08-01 09:23:58,BTCUSDT,bid,63700,567.581
2024-08-01 09:23:58,BTCUSDT,bid,63500,824.509
2024-08-01 09:23:59,BTCUSDT,bid,63600,610.023
2024-08-01 09:23:59,BTCUSDT,bid,63800,621.137
2024-08-01 09:24:00,BTCUSDT,bid,63800,621.581
2024-08-01 09:24:00,BTCUSDT,bid,63800,621.579
2024-08-01 09:24:00,BTCUSDT,bid,63800,621.137
2024-08-01 09:24:01,BTCUSDT,bid,63800,621.586
2024-08-01 09:24:01,BTCUSDT,bid,63700,567.68
2024-08-01 09:24:01,BTCUSDT,bid,63800,621.137
2024-08-01 09:24:01,BTCUSDT,bid,63800,621.139
2024-08-01 09:24:01,BTCUSDT,bid,63800,620.77
2024-08-01 09:24:01,BTCUSDT,bid,63800,620.768
2024-08-01 09:24:01,BTCUSDT,bid,63800,620.815
2024-08-01 09:24:01,BTCUSDT,bid,63800,620.768
2024-08-01 09:24:02,BTCUSDT,bid,63800,620.739
2024-08-01 09:24:02,BTCUSDT,bid,63600,613.023
2024-08-01 09:24:02,BTCUSDT,bid,63800,617.739
2024-08-01 09:24:02,BTCUSDT,bid,63800,617.741
2024-08-01 09:24:02,BTCUSDT,bid,63500,824.955
2024-08-01 09:24:03,BTCUSDT,bid,63700,567.581
2024-08-01 09:24:03,BTCUSDT,bid,63800,617.848
2024-08-01 09:24:04,BTCUSDT,bid,63800,617.809
2024-08-01 09:24:04,BTCUSDT,bid,63500,824.957
2024-08-01 09:24:05,BTCUSDT,bid,63500,824.942
2024-08-01 09:24:05,BTCUSDT,bid,63700,567.628
2024-08-01 09:24:06,BTCUSDT,bid,63800,617.811
2024-08-01 09:24:07,BTCUSDT,bid,63600,613.799
2024-08-01 09:24:07,BTCUSDT,bid,63700,567.635
2024-08-01 09:24:08,BTCUSDT,bid,63700,567.844
2024-08-01 09:24:10,BTCUSDT,bid,63600,613.797
2024-08-01 09:24:10,BTCUSDT,bid,63700,567.842
2024-08-01 09:24:10,BTCUSDT,bid,63700,567.864
2024-08-01 09:24:10,BTCUSDT,bid,63800,617.528
2024-08-01 09:24:11,BTCUSDT,bid,63700,569.064
2024-08-01 09:24:11,BTCUSDT,bid,63700,567.864
2024-08-01 09:24:11,BTCUSDT,bid,63500,825.01
2024-08-01 09:24:12,BTCUSDT,bid,63500,825.02
2024-08-01 09:24:12,BTCUSDT,bid,63700,567.866
2024-08-01 09:24:12,BTCUSDT,bid,63800,617.499
2024-08-01 09:24:12,BTCUSDT,bid,63800,617.484
2024-08-01 09:24:13,BTCUSDT,bid,63600,613.812
2024-08-01 09:24:13,BTCUSDT,bid,63700,567.872
2024-08-01 09:24:13,BTCUSDT,bid,63500,825.027
2024-08-01 09:24:14,BTCUSDT,bid,63500,825.02
2024-08-01 09:24:14,BTCUSDT,bid,63500,825.076
2024-08-01 09:24:14,BTCUSDT,bid,63800,617.487
2024-08-01 09:24:15,BTCUSDT,bid,63600,613.825
2024-08-01 09:24:15,BTCUSDT,bid,63800,617.573
2024-08-01 09:24:16,BTCUSDT,bid,63700,567.87
2024-08-01 09:24:16,BTCUSDT,bid,63500,825.1
2024-08-01 09:24:16,BTCUSDT,bid,63500,825.085
2024-08-01 09:24:16,BTCUSDT,bid,63800,617.634
2024-08-01 09:24:17,BTCUSDT,bid,63800,616.634
2024-08-01 09:24:17,BTCUSDT,bid,63500,825.029
2024-08-01 09:24:18,BTCUSDT,bid,63700,567.872
2024-08-01 09:24:18,BTCUSDT,bid,63600,613.823
2024-08-01 09:24:18,BTCUSDT,bid,63700,567.868
2024-08-01 09:24:18,BTCUSDT,bid,63500,824.241
2024-08-01 09:24:18,BTCUSDT,bid,63700,567.866
2024-08-01 09:24:19,BTCUSDT,bid,63700,567.868
2024-08-01 09:24:19,BTCUSDT,bid,63800,617.415
2024-08-01 09:24:19,BTCUSDT,bid,63700,567.898
2024-08-01 09:24:19,BTCUSDT,bid,63800,617.385
2024-08-01 09:24:20,BTCUSDT,bid,63600,613.854
2024-08-01 09:24:20,BTCUSDT,bid,63700,567.331
2024-08-01 09:24:20,BTCUSDT,bid,63800,617.376
2024-08-01 09:24:21,BTCUSDT,bid,63700,567.329
2024-08-01 09:24:21,BTCUSDT,bid,63500,824.341
2024-08-01 09:24:21,BTCUSDT,bid,63700,567.229
2024-08-01 09:24:21,BTCUSDT,bid,63700,567.151
2024-08-01 09:24:22,BTCUSDT,bid,63600,613.733
2024-08-01 09:24:22,BTCUSDT,bid,63700,567.153
2024-08-01 09:24:22,BTCUSDT,bid,63800,617.4
2024-08-01 09:24:22,BTCUSDT,bid,63800,617.322
2024-08-01 09:24:23,BTCUSDT,bid,63800,615.748
2024-08-01 09:24:25,BTCUSDT,bid,63800,615.752
2024-08-01 09:24:26,BTCUSDT,bid,63600,613.735
2024-08-01 09:24:27,BTCUSDT,bid,63800,615.715
2024-08-01 09:24:28,BTCUSDT,bid,63600,613.735
2024-08-01 09:24:29,BTCUSDT,bid,63600,613.702
2024-08-01 09:24:29,BTCUSDT,bid,63500,823.943
2024-08-01 09:24:29,BTCUSDT,bid,63600,613.956
2024-08-01 09:24:30,BTCUSDT,bid,63600,613.916
2024-08-01 09:24:30,BTCUSDT,bid,63700,567.151
2024-08-01 09:24:32,BTCUSDT,bid,63600,613.901
2024-08-01 09:24:32,BTCUSDT,bid,63600,607.901
2024-08-01 09:24:32,BTCUSDT,bid,63600,607.981
2024-08-01 09:24:32,BTCUSDT,bid,63500,823.843
2024-08-01 09:24:33,BTCUSDT,bid,63500,823.921
2024-08-01 09:24:34,BTCUSDT,bid,63500,823.963
2024-08-01 09:24:34,BTCUSDT,bid,63500,823.994
2024-08-01 09:24:35,BTCUSDT,bid,63700,567.121
2024-08-01 09:24:35,BTCUSDT,bid,63500,823.998
2024-08-01 09:24:35,BTCUSDT,bid,63800,615.717
2024-08-01 09:24:35,BTCUSDT,bid,63500,823.67
2024-08-01 09:24:36,BTCUSDT,bid,63800,615.724
2024-08-01 09:24:36,BTCUSDT,bid,63600,609.561
2024-08-01 09:24:37,BTCUSDT,bid,63800,621.724
2024-08-01 09:24:38,BTCUSDT,bid,63600,609.571
2024-08-01 09:24:39,BTCUSDT,bid,63500,823.592
2024-08-01 09:24:39,BTCUSDT,bid,63600,609.341
2024-08-01 09:24:40,BTCUSDT,bid,63800,620.943
2024-08-01 09:24:40,BTCUSDT,bid,63500,823.577
2024-08-01 09:24:40,BTCUSDT,bid,63800,620.945
2024-08-01 09:24:42,BTCUSDT,bid,63500,823.57
2024-08-01 09:24:42,BTCUSDT,bid,63500,823.15
2024-08-01 09:24:42,BTCUSDT,bid,63500,823.056
2024-08-01 09:24:42,BTCUSDT,bid,63800,620.947
2024-08-01 09:24:42,BTCUSDT,bid,63600,609.336
2024-08-01 09:24:43,BTCUSDT,bid,63500,823.034
2024-08-01 09:24:43,BTCUSDT,bid,63800,620.925
2024-08-01 09:24:44,BTCUSDT,bid,63500,823.427
2024-08-01 09:24:44,BTCUSDT,bid,63800,620.928
2024-08-01 09:24:44,BTCUSDT,bid,63800,621.199
2024-08-01 09:24:45,BTCUSDT,bid,63500,823.416
2024-08-01 09:24:45,BTCUSDT,bid,63800,621.239
2024-08-01 09:24:45,BTCUSDT,bid,63500,823.494
2024-08-01 09:24:46,BTCUSDT,bid,63500,823.508
2024-08-01 09:24:47,BTCUSDT,bid,63800,623.492
2024-08-01 09:24:47,BTCUSDT,bid,63600,609.136
2024-08-01 09:24:48,BTCUSDT,bid,63600,609.14
2024-08-01 09:24:48,BTCUSDT,bid,63800,621.239
2024-08-01 09:24:50,BTCUSDT,bid,63500,823.488
2024-08-01 09:24:51,BTCUSDT,bid,63800,621.217
2024-08-01 09:24:51,BTCUSDT,bid,63700,567.221
2024-08-01 09:24:51,BTCUSDT,bid,63500,823.565
2024-08-01 09:24:53,BTCUSDT,bid,63700,567.121
2024-08-01 09:24:54,BTCUSDT,bid,63700,567.106
2024-08-01 09:24:55,BTCUSDT,bid,63500,824.565
2024-08-01 09:24:56,BTCUSDT,bid,63500,824.572
2024-08-01 09:24:57,BTCUSDT,bid,63700,567.101
2024-08-01 09:24:57,BTCUSDT,bid,63500,824.58
2024-08-01 09:24:57,BTCUSDT,bid,63700,566.994
2024-08-01 09:24:58,BTCUSDT,bid,63700,567.094
2024-08-01 09:24:58,BTCUSDT,bid,63800,622.217
2024-08-01 09:24:59,BTCUSDT,bid,63500,824.589
2024-08-01 09:24:59,BTCUSDT,bid,63600,609.138
2024-08-01 09:25:01,BTCUSDT,bid,63700,566.994
2024-08-01 09:25:01,BTCUSDT,bid,63700,567.0
2024-08-01 09:25:01,BTCUSDT,bid,63600,609.174
2024-08-01 09:25:01,BTCUSDT,bid,63500,824.608
2024-08-01 09:25:02,BTCUSDT,bid,63500,824.525
2024-08-01 09:25:02,BTCUSDT,bid,63600,609.176
2024-08-01 09:25:02,BTCUSDT,bid,63500,824.523
2024-08-01 09:25:02,BTCUSDT,bid,63800,622.241
2024-08-01 09:25:03,BTCUSDT,bid,63500,824.503
2024-08-01 09:25:04,BTCUSDT,bid,63600,609.181
2024-08-01 09:25:06,BTCUSDT,bid,63500,824.533
2024-08-01 09:25:08,BTCUSDT,bid,63800,628.241
2024-08-01 09:25:09,BTCUSDT,bid,63800,622.241
2024-08-01 09:25:10,BTCUSDT,bid,63800,622.263
2024-08-01 09:25:10,BTCUSDT,bid,63500,824.14
2024-08-01 09:25:10,BTCUSDT,bid,63500,824.44
2024-08-01 09:25:10,BTCUSDT,bid,63500,824.438
2024-08-01 09:25:11,BTCUSDT,bid,63500,824.453
2024-08-01 09:25:13,BTCUSDT,bid,63800,622.261
2024-08-01 09:25:14,BTCUSDT,bid,63800,622.281
2024-08-01 09:25:15,BTCUSDT,bid,63800,622.312
2024-08-01 09:25:15,BTCUSDT,bid,63500,823.381
2024-08-01 09:25:16,BTCUSDT,bid,63500,835.192
2024-08-01 09:25:16,BTCUSDT,bid,63800,622.315
2024-08-01 09:25:17,BTCUSDT,bid,63800,620.401
2024-08-01 09:25:19,BTCUSDT,bid,63800,620.418
2024-08-01 09:25:19,BTCUSDT,bid,63800,620.429
2024-08-01 09:25:20,BTCUSDT,bid,63800,620.426
2024-08-01 09:25:21,BTCUSDT,bid,63800,620.444
2024-08-01 09:25:22,BTCUSDT,bid,63600,609.176
2024-08-01 09:25:22,BTCUSDT,bid,63700,567.02
2024-08-01 09:25:22,BTCUSDT,bid,63800,620.522
2024-08-01 09:25:22,BTCUSDT,bid,63800,620.572
2024-08-01 09:25:24,BTCUSDT,bid,63800,620.611
2024-08-01 09:25:25,BTCUSDT,bid,63800,620.613
2024-08-01 09:25:26,BTCUSDT,bid,63500,835.196
2024-08-01 09:25:26,BTCUSDT,bid,63500,834.711
2024-08-01 09:25:27,BTCUSDT,bid,63600,609.161
2024-08-01 09:25:30,BTCUSDT,bid,63600,609.122
2024-08-01 09:25:31,BTCUSDT,bid,63800,620.598
2024-08-01 09:25:32,BTCUSDT,bid,63800,620.589
2024-08-01 09:25:34,BTCUSDT,bid,63600,609.091
2024-08-01 09:25:34,BTCUSDT,bid,63600,609.094
2024-08-01 09:25:34,BTCUSDT,bid,63500,834.72
2024-08-01 09:25:34,BTCUSDT,bid,63500,834.722
2024-08-01 09:25:34,BTCUSDT,bid,63500,833.722
2024-08-01 09:25:36,BTCUSDT,bid,63800,620.639
2024-08-01 09:25:36,BTCUSDT,bid,63600,609.206
2024-08-01 09:25:36,BTCUSDT,bid,63600,610.206
2024-08-01 09:25:36,BTCUSDT,bid,63600,610.212
2024-08-01 09:25:37,BTCUSDT,bid,63500,827.722
2024-08-01 09:25:38,BTCUSDT,bid,63800,620.635
2024-08-01 09:25:39,BTCUSDT,bid,63600,610.354
2024-08-01 09:25:39,BTCUSDT,bid,63500,827.718
2024-08-01 09:25:40,BTCUSDT,bid,63800,620.646
2024-08-01 09:25:41,BTCUSDT,bid,63700,567.337
2024-08-01 09:25:41,BTCUSDT,bid,63700,567.339
2024-08-01 09:25:42,BTCUSDT,bid,63500,827.765
2024-08-01 09:25:42,BTCUSDT,bid,63800,620.696
2024-08-01 09:25:42,BTCUSDT,bid,63600,610.374
2024-08-01 09:25:42,BTCUSDT,bid,63500,827.778
2024-08-01 09:25:43,BTCUSDT,bid,63500,827.776
2024-08-01 09:25:45,BTCUSDT,bid,63500,827.778
2024-08-01 09:25:45,BTCUSDT,bid,63500,827.808
2024-08-01 09:25:46,BTCUSDT,bid,63700,567.484
2024-08-01 09:25:47,BTCUSDT,bid,63700,567.498
2024-08-01 09:25:47,BTCUSDT,bid,63700,567.475
2024-08-01 09:25:48,BTCUSDT,bid,63700,567.492
2024-08-01 09:25:48,BTCUSDT,bid,63800,620.588
2024-08-01 09:25:48,BTCUSDT,bid,63500,827.83
2024-08-01 09:25:49,BTCUSDT,bid,63800,620.593
2024-08-01 09:25:50,BTCUSDT,bid,63500,827.832
2024-08-01 09:25:51,BTCUSDT,bid,63800,620.493
2024-08-01 09:25:51,BTCUSDT,bid,63800,620.5
2024-08-01 09:25:51,BTCUSDT,bid,63500,827.822
2024-08-01 09:25:51,BTCUSDT,bid,63500,827.665
2024-08-01 09:25:51,BTCUSDT,bid,63600,610.296
2024-08-01 09:25:51,BTCUSDT,bid,63800,620.422
2024-08-01 09:25:52,BTCUSDT,bid,63600,610.327
2024-08-01 09:25:53,BTCUSDT,bid,63800,620.409
2024-08-01 09:25:54,BTCUSDT,bid,63500,827.663
2024-08-01 09:25:55,BTCUSDT,bid,63800,620.389
2024-08-01 09:25:56,BTCUSDT,bid,63800,620.386
2024-08-01 09:25:56,BTCUSDT,bid,63700,567.494
2024-08-01 09:25:58,BTCUSDT,bid,63800,620.374
2024-08-01 09:26:00,BTCUSDT,bid,63500,827.808
2024-08-01 09:26:01,BTCUSDT,bid,63600,610.437
2024-08-01 09:26:01,BTCUSDT,bid,63700,567.509
2024-08-01 09:26:01,BTCUSDT,bid,63500,815.997
2024-08-01 09:26:02,BTCUSDT,bid,63500,816.01
2024-08-01 09:26:02,BTCUSDT,bid,63800,620.566
2024-08-01 09:26:02,BTCUSDT,bid,63500,816.025
2024-08-01 09:26:02,BTCUSDT,bid,63500,816.045
2024-08-01 09:26:03,BTCUSDT,bid,63600,610.444
2024-08-01 09:26:04,BTCUSDT,bid,63800,620.549
2024-08-01 09:26:05,BTCUSDT,bid,63500,816.047
2024-08-01 09:26:05,BTCUSDT,bid,63600,610.369
2024-08-01 09:26:07,BTCUSDT,bid,63600,610.362
2024-08-01 09:26:07,BTCUSDT,bid,63500,815.972
2024-08-01 09:26:07,BTCUSDT,bid,63800,620.649
2024-08-01 09:26:08,BTCUSDT,bid,63500,815.98
2024-08-01 09:26:08,BTCUSDT,bid,63800,620.659
2024-08-01 09:26:09,BTCUSDT,bid,63500,816.058
2024-08-01 09:26:13,BTCUSDT,bid,63500,821.254
2024-08-01 09:26:13,BTCUSDT,bid,63500,821.281
2024-08-01 09:26:14,BTCUSDT,bid,63700,567.514
2024-08-01 09:26:14,BTCUSDT,bid,63600,610.337
2024-08-01 09:26:15,BTCUSDT,bid,63800,620.653
2024-08-01 09:26:16,BTCUSDT,bid,63800,620.687
2024-08-01 09:26:16,BTCUSDT,bid,63700,567.489
2024-08-01 09:26:16,BTCUSDT,bid,63800,620.712
2024-08-01 09:26:18,BTCUSDT,bid,63500,821.351
2024-08-01 09:26:19,BTCUSDT,bid,63800,621.912
2024-08-01 09:26:19,BTCUSDT,bid,63500,821.852
2024-08-01 09:26:19,BTCUSDT,bid,63600,610.343
2024-08-01 09:26:20,BTCUSDT,bid,63800,620.712
2024-08-01 09:26:22,BTCUSDT,bid,63600,610.304
2024-08-01 09:26:23,BTCUSDT,bid,63500,822.009
2024-08-01 09:26:24,BTCUSDT,bid,63800,620.957
2024-08-01 09:26:25,BTCUSDT,bid,63500,822.021
2024-08-01 09:26:25,BTCUSDT,bid,63600,610.292
2024-08-01 09:26:27,BTCUSDT,bid,63800,620.968
2024-08-01 09:26:29,BTCUSDT,bid,63500,822.029
2024-08-01 09:26:30,BTCUSDT,bid,63600,610.392
2024-08-01 09:26:32,BTCUSDT,bid,63800,620.981
2024-08-01 09:26:35,BTCUSDT,bid,63800,620.977
2024-08-01 09:26:36,BTCUSDT,bid,63500,822.054
2024-08-01 09:26:37,BTCUSDT,bid,63500,822.056
2024-08-01 09:26:40,BTCUSDT,bid,63500,822.105
2024-08-01 09:26:40,BTCUSDT,bid,63500,822.113
2024-08-01 09:26:41,BTCUSDT,bid,63500,822.051
2024-08-01 09:26:41,BTCUSDT,bid,63600,610.39
2024-08-01 09:26:41,BTCUSDT,bid,63700,567.739
2024-08-01 09:26:43,BTCUSDT,bid,63700,567.677
2024-08-01 09:26:44,BTCUSDT,bid,63600,610.546
2024-08-01 09:26:44,BTCUSDT,bid,63800,620.997
2024-08-01 09:26:44,BTCUSDT,bid,63800,620.993
2024-08-01 09:26:45,BTCUSDT,bid,63500,821.973
2024-08-01 09:26:45,BTCUSDT,bid,63800,620.999
2024-08-01 09:26:46,BTCUSDT,bid,63500,825.973
2024-08-01 09:26:46,BTCUSDT,bid,63700,565.653
2024-08-01 09:26:46,BTCUSDT,bid,63800,620.949
2024-08-01 09:26:46,BTCUSDT,bid,63800,620.947
2024-08-01 09:26:47,BTCUSDT,bid,63800,620.945
2024-08-01 09:26:48,BTCUSDT,bid,63500,825.991
2024-08-01 09:26:50,BTCUSDT,bid,63500,824.991
2024-08-01 09:26:51,BTCUSDT,bid,63700,565.657
2024-08-01 09:26:51,BTCUSDT,bid,63800,617.945
2024-08-01 09:26:52,BTCUSDT,bid,63500,824.952
2024-08-01 09:26:52,BTCUSDT,bid,63500,824.997
2024-08-01 09:26:53,BTCUSDT,bid,63600,610.39
2024-08-01 09:26:53,BTCUSDT,bid,63500,824.977
2024-08-01 09:26:54,BTCUSDT,bid,63800,617.999
2024-08-01 09:26:55,BTCUSDT,bid,63500,824.979
2024-08-01 09:26:58,BTCUSDT,bid,63800,620.253
2024-08-01 09:26:58,BTCUSDT,bid,63700,565.61
2024-08-01 09:26:58,BTCUSDT,bid,63500,824.902
2024-08-01 09:27:02,BTCUSDT,bid,63800,620.251
2024-08-01 09:27:03,BTCUSDT,bid,63500,824.907
2024-08-01 09:27:05,BTCUSDT,bid,63600,610.386
2024-08-01 09:27:05,BTCUSDT,bid,63500,824.938
2024-08-01 09:27:06,BTCUSDT,bid,63500,824.907
2024-08-01 09:27:06,BTCUSDT,bid,63800,620.226
2024-08-01 09:27:07,BTCUSDT,bid,63500,824.802
2024-08-01 09:27:09,BTCUSDT,bid,63500,824.904
2024-08-01 09:27:10,BTCUSDT,bid,63700,567.61
2024-08-01 09:27:10,BTCUSDT,bid,63500,824.901
2024-08-01 09:27:10,BTCUSDT,bid,63800,620.233
2024-08-01 09:27:11,BTCUSDT,bid,63700,567.726
2024-08-01 09:27:12,BTCUSDT,bid,63500,824.951
2024-08-01 09:27:13,BTCUSDT,bid,63500,824.954
2024-08-01 09:27:13,BTCUSDT,bid,63800,620.209
2024-08-01 09:27:15,BTCUSDT,bid,63500,824.758
2024-08-01 09:27:15,BTCUSDT,bid,63500,824.761
2024-08-01 09:27:17,BTCUSDT,bid,63700,567.416
2024-08-01 09:27:17,BTCUSDT,bid,63800,620.259
2024-08-01 09:27:21,BTCUSDT,bid,63500,824.766
2024-08-01 09:27:23,BTCUSDT,bid,63800,620.256
2024-08-01 09:27:23,BTCUSDT,bid,63800,619.783
2024-08-01 09:27:24,BTCUSDT,bid,63600,610.376
2024-08-01 09:27:26,BTCUSDT,bid,63500,824.762
2024-08-01 09:27:26,BTCUSDT,bid,63800,619.785
2024-08-01 09:27:26,BTCUSDT,bid,63600,610.378
2024-08-01 09:27:27,BTCUSDT,bid,63500,824.79
2024-08-01 09:27:27,BTCUSDT,bid,63800,619.757
2024-08-01 09:27:28,BTCUSDT,bid,63800,619.754
2024-08-01 09:27:28,BTCUSDT,bid,63600,610.376
2024-08-01 09:27:28,BTCUSDT,bid,63500,824.788
2024-08-01 09:27:28,BTCUSDT,bid,63500,674.788
2024-08-01 09:27:29,BTCUSDT,bid,63600,610.378
2024-08-01 09:27:31,BTCUSDT,bid,63500,674.898
2024-08-01 09:27:31,BTCUSDT,bid,63800,619.644
2024-08-01 09:27:31,BTCUSDT,bid,63700,567.746
2024-08-01 09:27:32,BTCUSDT,bid,63500,674.942
2024-08-01 09:27:32,BTCUSDT,bid,63600,610.376
2024-08-01 09:27:32,BTCUSDT,bid,63600,610.378
2024-08-01 09:27:33,BTCUSDT,bid,63600,610.382
2024-08-01 09:27:33,BTCUSDT,bid,63500,674.961
2024-08-01 09:27:34,BTCUSDT,bid,63700,567.846
2024-08-01 09:27:34,BTCUSDT,bid,63500,674.911
2024-08-01 09:27:34,BTCUSDT,bid,63800,619.639
2024-08-01 09:27:36,BTCUSDT,bid,63800,619.738
2024-08-01 09:27:36,BTCUSDT,bid,63800,619.642
2024-08-01 09:27:37,BTCUSDT,bid,63500,674.914
2024-08-01 09:27:38,BTCUSDT,bid,63500,674.942
2024-08-01 09:27:38,BTCUSDT,bid,63800,619.564
2024-08-01 09:27:40,BTCUSDT,bid,63600,610.407
2024-08-01 09:27:40,BTCUSDT,bid,63700,567.971
2024-08-01 09:27:44,BTCUSDT,bid,63700,567.979
2024-08-01 09:27:45,BTCUSDT,bid,63600,610.405
2024-08-01 09:27:46,BTCUSDT,bid,63600,610.505
2024-08-01 09:27:46,BTCUSDT,bid,63700,567.879
2024-08-01 09:27:48,BTCUSDT,bid,63600,610.583
2024-08-01 09:27:49,BTCUSDT,bid,63600,610.606
2024-08-01 09:27:50,BTCUSDT,bid,63600,610.608
2024-08-01 09:27:51,BTCUSDT,bid,63500,675.33
2024-08-01 09:27:51,BTCUSDT,bid,63600,610.22
2024-08-01 09:27:51,BTCUSDT,bid,63600,610.27
2024-08-01 09:27:51,BTCUSDT,bid,63800,619.966
2024-08-01 09:27:52,BTCUSDT,bid,63500,675.355
2024-08-01 09:27:53,BTCUSDT,bid,63600,610.268
2024-08-01 09:27:53,BTCUSDT,bid,63800,619.93
2024-08-01 09:27:55,BTCUSDT,bid,63500,675.357
2024-08-01 09:27:56,BTCUSDT,bid,63500,675.359
2024-08-01 09:27:56,BTCUSDT,bid,63600,610.273
2024-08-01 09:27:56,BTCUSDT,bid,63500,675.5
2024-08-01 09:27:56,BTCUSDT,bid,63700,567.859
2024-08-01 09:27:58,BTCUSDT,bid,63500,675.493
2024-08-01 09:27:59,BTCUSDT,bid,63500,675.504
2024-08-01 09:28:00,BTCUSDT,bid,63700,567.861
2024-08-01 09:28:00,BTCUSDT,bid,63600,610.188
2024-08-01 09:28:00,BTCUSDT,bid,63600,610.19
2024-08-01 09:28:00,BTCUSDT,bid,63500,675.496
2024-08-01 09:28:01,BTCUSDT,bid,63800,619.528
2024-08-01 09:28:01,BTCUSDT,bid,63500,675.449
2024-08-01 09:28:02,BTCUSDT,bid,63800,619.871
2024-08-01 09:28:02,BTCUSDT,bid,63800,619.452
2024-08-01 09:28:03,BTCUSDT,bid,63600,610.188
2024-08-01 09:28:03,BTCUSDT,bid,63800,619.468
2024-08-01 09:28:03,BTCUSDT,bid,63500,675.456
2024-08-01 09:28:04,BTCUSDT,bid,63500,675.684
2024-08-01 09:28:06,BTCUSDT,bid,63800,619.476
2024-08-01 09:28:07,BTCUSDT,bid,63700,567.859
2024-08-01 09:28:07,BTCUSDT,bid,63800,619.474
2024-08-01 09:28:07,BTCUSDT,bid,63600,610.19
2024-08-01 09:28:07,BTCUSDT,bid,63700,567.909
2024-08-01 09:28:08,BTCUSDT,bid,63500,675.26
2024-08-01 09:28:08,BTCUSDT,bid,63700,567.911
2024-08-01 09:28:11,BTCUSDT,bid,63500,675.256
2024-08-01 09:28:12,BTCUSDT,bid,63500,674.873
2024-08-01 09:28:12,BTCUSDT,bid,63700,567.957
2024-08-01 09:28:13,BTCUSDT,bid,63500,674.886
2024-08-01 09:28:14,BTCUSDT,bid,63600,610.14
2024-08-01 09:28:14,BTCUSDT,bid,63800,619.486
2024-08-01 09:28:15,BTCUSDT,bid,63500,674.895
2024-08-01 09:28:17,BTCUSDT,bid,63500,674.838
2024-08-01 09:28:17,BTCUSDT,bid,63600,610.13
2024-08-01 09:28:19,BTCUSDT,bid,63800,619.489
2024-08-01 09:28:20,BTCUSDT,bid,63500,674.845
2024-08-01 09:28:20,BTCUSDT,bid,63600,610.123
2024-08-01 09:28:20,BTCUSDT,bid,63800,619.482
2024-08-01 09:28:22,BTCUSDT,bid,63500,674.923
2024-08-01 09:28:22,BTCUSDT,bid,63800,629.984
2024-08-01 09:28:25,BTCUSDT,bid,63500,674.921
2024-08-01 09:28:26,BTCUSDT,bid,63500,674.923
2024-08-01 09:28:31,BTCUSDT,bid,63800,619.482
2024-08-01 09:28:31,BTCUSDT,bid,63800,619.484
2024-08-01 09:28:33,BTCUSDT,bid,63800,619.482
2024-08-01 09:28:36,BTCUSDT,bid,63800,619.536
2024-08-01 09:28:36,BTCUSDT,bid,63500,674.938
2024-08-01 09:28:37,BTCUSDT,bid,63800,619.531
2024-08-01 09:28:38,BTCUSDT,bid,63800,619.536
2024-08-01 09:28:40,BTCUSDT,bid,63500,674.936
2024-08-01 09:28:40,BTCUSDT,bid,63800,619.538
2024-08-01 09:28:41,BTCUSDT,bid,63700,567.907
2024-08-01 09:28:41,BTCUSDT,bid,63800,619.588
2024-08-01 09:28:41,BTCUSDT,bid,63800,619.59
2024-08-01 09:28:42,BTCUSDT,bid,63700,567.907
2024-08-01 09:28:42,BTCUSDT,bid,63500,674.967
2024-08-01 09:28:42,BTCUSDT,bid,63800,619.629
2024-08-01 09:28:43,BTCUSDT,bid,63700,567.907
2024-08-01 09:28:43,BTCUSDT,bid,63800,619.647
2024-08-01 09:28:43,BTCUSDT,bid,63700,567.907
2024-08-01 09:28:44,BTCUSDT,bid,63600,610.034
2024-08-01 09:28:45,BTCUSDT,bid,63700,567.907
2024-08-01 09:28:45,BTCUSDT,bid,63600,613.634
2024-08-01 09:28:46,BTCUSDT,bid,63500,672.967
2024-08-01 09:28:48,BTCUSDT,bid,63500,672.96
2024-08-01 09:28:49,BTCUSDT,bid,63700,567.909
2024-08-01 09:28:51,BTCUSDT,bid,63500,672.753
2024-08-01 09:28:52,BTCUSDT,bid,63800,619.741
2024-08-01 09:28:53,BTCUSDT,bid,63600,613.728
2024-08-01 09:28:53,BTCUSDT,bid,63600,613.73
2024-08-01 09:28:54,BTCUSDT,bid,63800,619.702
2024-08-01 09:28:55,BTCUSDT,bid,63600,613.728
2024-08-01 09:28:57,BTCUSDT,bid,63600,613.73
2024-08-01 09:28:57,BTCUSDT,bid,63500,672.738
2024-08-01 09:29:02,BTCUSDT,bid,63500,673.053
2024-08-01 09:29:04,BTCUSDT,bid,63700,567.909
2024-08-01 09:29:04,BTCUSDT,bid,63800,619.7
2024-08-01 09:29:04,BTCUSDT,bid,63500,673.062
2024-08-01 09:29:04,BTCUSDT,bid,63800,619.703
2024-08-01 09:29:06,BTCUSDT,bid,63800,619.718
2024-08-01 09:29:06,BTCUSDT,bid,63800,619.72
2024-08-01 09:29:06,BTCUSDT,bid,63500,673.1
2024-08-01 09:29:10,BTCUSDT,bid,63700,567.767
2024-08-01 09:29:12,BTCUSDT,bid,63500,673.092
2024-08-01 09:29:13,BTCUSDT,bid,63500,673.095
2024-08-01 09:29:13,BTCUSDT,bid,63600,613.732
2024-08-01 09:29:14,BTCUSDT,bid,63500,673.127
2024-08-01 09:29:16,BTCUSDT,bid,63800,619.729
2024-08-01 09:29:16,BTCUSDT,bid,63800,620.199
2024-08-01 09:29:17,BTCUSDT,bid,63600,613.73
2024-08-01 09:29:18,BTCUSDT,bid,63500,673.125
2024-08-01 09:29:20,BTCUSDT,bid,63500,673.118
2024-08-01 09:29:20,BTCUSDT,bid,63800,620.197
2024-08-01 09:29:24,BTCUSDT,bid,63500,673.114
2024-08-01 09:29:24,BTCUSDT,bid,63700,567.759
2024-08-01 09:29:26,BTCUSDT,bid,63800,619.884
2024-08-01 09:29:28,BTCUSDT,bid,63500,672.664
2024-08-01 09:29:28,BTCUSDT,bid,63500,673.088
2024-08-01 09:29:28,BTCUSDT,bid,63500,673.095
2024-08-01 09:29:30,BTCUSDT,bid,63500,671.095
2024-08-01 09:29:31,BTCUSDT,bid,63800,619.886
2024-08-01 09:29:31,BTCUSDT,bid,63800,619.888
2024-08-01 09:29:32,BTCUSDT,bid,63700,567.759
2024-08-01 09:29:32,BTCUSDT,bid,63700,567.759
2024-08-01 09:29:33,BTCUSDT,bid,63500,671.074
2024-08-01 09:29:33,BTCUSDT,bid,63500,671.467
2024-08-01 09:29:33,BTCUSDT,bid,63800,619.886
2024-08-01 09:29:34,BTCUSDT,bid,63800,619.883
2024-08-01 09:29:35,BTCUSDT,bid,63700,567.774
2024-08-01 09:29:36,BTCUSDT,bid,63700,567.771
2024-08-01 09:29:37,BTCUSDT,bid,63500,671.46
2024-08-01 09:29:37,BTCUSDT,bid,63600,613.727
2024-08-01 09:29:39,BTCUSDT,bid,63500,671.457
2024-08-01 09:29:41,BTCUSDT,bid,63500,671.462
2024-08-01 09:29:42,BTCUSDT,bid,63600,613.734
2024-08-01 09:29:42,BTCUSDT,bid,63500,671.482
2024-08-01 09:29:42,BTCUSDT,bid,63500,671.48
2024-08-01 09:29:43,BTCUSDT,bid,63600,613.641
2024-08-01 09:29:43,BTCUSDT,bid,63800,617.629
2024-08-01 09:29:43,BTCUSDT,bid,63500,671.177
2024-08-01 09:29:44,BTCUSDT,bid,63500,671.171
2024-08-01 09:29:44,BTCUSDT,bid,63700,567.754
2024-08-01 09:29:45,BTCUSDT,bid,63500,671.19
2024-08-01 09:29:48,BTCUSDT,bid,63500,671.188
2024-08-01 09:29:50,BTCUSDT,bid,63800,617.631
2024-08-01 09:29:50,BTCUSDT,bid,63700,567.756
2024-08-01 09:29:51,BTCUSDT,bid,63700,567.754
2024-08-01 09:29:51,BTCUSDT,bid,63500,671.195
2024-08-01 09:29:51,BTCUSDT,bid,63800,617.629
2024-08-01 09:29:52,BTCUSDT,bid,63500,671.189
2024-08-01 09:29:52,BTCUSDT,bid,63800,617.543
2024-08-01 09:29:56,BTCUSDT,bid,63500,671.192
2024-08-01 09:30:03,BTCUSDT,bid,63500,671.179
2024-08-01 09:30:04,BTCUSDT,bid,63600,613.643
2024-08-01 09:30:04,BTCUSDT,bid,63700,567.759
2024-08-01 09:30:06,BTCUSDT,bid,63500,670.684
2024-08-01 09:30:07,BTCUSDT,bid,63500,670.69
2024-08-01 09:30:08,BTCUSDT,bid,63700,567.859
2024-08-01 09:30:08,BTCUSDT,bid,63600,613.641
2024-08-01 09:30:09,BTCUSDT,bid,63500,670.709
2024-08-01 09:30:09,BTCUSDT,bid,63800,617.558
2024-08-01 09:30:09,BTCUSDT,bid,63600,613.643
2024-08-01 09:30:10,BTCUSDT,bid,63800,617.733
2024-08-01 09:30:11,BTCUSDT,bid,63700,567.759
2024-08-01 09:30:11,BTCUSDT,bid,63500,671.105
2024-08-01 09:30:12,BTCUSDT,bid,63800,617.764
2024-08-01 09:30:13,BTCUSDT,bid,63700,567.761
2024-08-01 09:30:17,BTCUSDT,bid,63500,671.154
2024-08-01 09:30:19,BTCUSDT,bid,63800,617.762
2024-08-01 09:30:20,BTCUSDT,bid,63700,567.792
2024-08-01 09:30:23,BTCUSDT,bid,63600,613.627
2024-08-01 09:30:26,BTCUSDT,bid,63600,613.63
2024-08-01 09:30:32,BTCUSDT,bid,63700,566.527
2024-08-01 09:30:33,BTCUSDT,bid,63600,613.628
2024-08-01 09:30:33,BTCUSDT,bid,63800,617.767
2024-08-01 09:30:33,BTCUSDT,bid,63600,613.63
2024-08-01 09:30:34,BTCUSDT,bid,63600,613.628
2024-08-01 09:30:34,BTCUSDT,bid,63800,617.787
2024-08-01 09:30:34,BTCUSDT,bid,63600,613.676
2024-08-01 09:30:34,BTCUSDT,bid,63600,613.715
2024-08-01 09:30:36,BTCUSDT,bid,63800,617.785
2024-08-01 09:30:37,BTCUSDT,bid,63800,617.78
2024-08-01 09:30:38,BTCUSDT,bid,63500,671.173
2024-08-01 09:30:38,BTCUSDT,bid,63600,613.712
2024-08-01 09:30:39,BTCUSDT,bid,63800,617.786
2024-08-01 09:30:43,BTCUSDT,bid,63500,671.126
2024-08-01 09:30:44,BTCUSDT,bid,63700,566.509
2024-08-01 09:30:45,BTCUSDT,bid,63600,613.731
2024-08-01 09:30:47,BTCUSDT,bid,63500,671.324
2024-08-01 09:30:48,BTCUSDT,bid,63500,671.347
2024-08-01 09:30:50,BTCUSDT,bid,63500,671.315
2024-08-01 09:30:53,BTCUSDT,bid,63500,671.408
2024-08-01 09:30:55,BTCUSDT,bid,63600,613.742
2024-08-01 09:30:55,BTCUSDT,bid,63800,617.775
2024-08-01 09:30:55,BTCUSDT,bid,63800,617.799
2024-08-01 09:30:55,BTCUSDT,bid,63500,671.369
2024-08-01 09:31:00,BTCUSDT,bid,63500,671.376
2024-08-01 09:31:00,BTCUSDT,bid,63500,670.914
2024-08-01 09:31:04,BTCUSDT,bid,63500,670.883
2024-08-01 09:31:05,BTCUSDT,bid,63800,617.844
2024-08-01 09:31:06,BTCUSDT,bid,63500,670.753
2024-08-01 09:31:07,BTCUSDT,bid,63800,617.853
2024-08-01 09:31:08,BTCUSDT,bid,63700,566.511
2024-08-01 09:31:08,BTCUSDT,bid,63700,566.497
2024-08-01 09:31:09,BTCUSDT,bid,63500,670.756
2024-08-01 09:31:14,BTCUSDT,bid,63500,670.795
2024-08-01 09:31:15,BTCUSDT,bid,63500,670.814
2024-08-01 09:31:15,BTCUSDT,bid,63800,628.041
2024-08-01 09:31:17,BTCUSDT,bid,63500,670.809
2024-08-01 09:31:17,BTCUSDT,bid,63500,670.767
2024-08-01 09:31:18,BTCUSDT,bid,63700,566.474
2024-08-01 09:31:18,BTCUSDT,bid,63800,617.853
2024-08-01 09:31:22,BTCUSDT,bid,63500,670.837
2024-08-01 09:31:25,BTCUSDT,bid,63800,617.843
2024-08-01 09:31:25,BTCUSDT,bid,63800,617.845
2024-08-01 09:31:25,BTCUSDT,bid,63700,566.474
2024-08-01 09:31:26,BTCUSDT,bid,63800,617.843
2024-08-01 09:31:28,BTCUSDT,bid,63700,566.481
2024-08-01 09:31:28,BTCUSDT,bid,63500,670.84
2024-08-01 09:31:29,BTCUSDT,bid,63600,613.745
2024-08-01 09:31:29,BTCUSDT,bid,63800,617.853
2024-08-01 09:31:29,BTCUSDT,bid,63800,617.843
2024-08-01 09:31:30,BTCUSDT,bid,63700,566.231
2024-08-01 09:31:31,BTCUSDT,bid,63800,617.853
2024-08-01 09:31:31,BTCUSDT,bid,63800,617.858
2024-08-01 09:31:31,BTCUSDT,bid,63800,617.86
2024-08-01 09:31:34,BTCUSDT,bid,63700,566.241
2024-08-01 09:31:34,BTCUSDT,bid,63800,617.85
2024-08-01 09:31:41,BTCUSDT,bid,63700,566.246
2024-08-01 09:31:42,BTCUSDT,bid,63500,670.742
2024-08-01 09:31:43,BTCUSDT,bid,63500,670.861
2024-08-01 09:31:45,BTCUSDT,bid,63500,670.865
2024-08-01 09:31:45,BTCUSDT,bid,63600,613.743
2024-08-01 09:31:45,BTCUSDT,bid,63500,670.858
2024-08-01 09:31:48,BTCUSDT,bid,63800,617.819
2024-08-01 09:31:49,BTCUSDT,bid,63500,670.701
2024-08-01 09:31:49,BTCUSDT,bid,63800,617.814
2024-08-01 09:31:51,BTCUSDT,bid,63700,566.262
2024-08-01 09:31:52,BTCUSDT,bid,63600,613.752
2024-08-01 09:31:53,BTCUSDT,bid,63500,670.748
2024-08-01 09:31:53,BTCUSDT,bid,63600,613.709
2024-08-01 09:31:54,BTCUSDT,bid,63600,613.714
2024-08-01 09:31:55,BTCUSDT,bid,63800,617.814
2024-08-01 09:31:56,BTCUSDT,bid,63800,617.814
2024-08-01 09:31:56,BTCUSDT,bid,63800,617.812
2024-08-01 09:32:01,BTCUSDT,bid,63500,670.873
2024-08-01 09:32:01,BTCUSDT,bid,63500,670.716
2024-08-01 09:32:03,BTCUSDT,bid,63600,613.572
2024-08-01 09:32:04,BTCUSDT,bid,63500,670.32
2024-08-01 09:32:04,BTCUSDT,bid,63800,617.809
2024-08-01 09:32:04,BTCUSDT,bid,63500,671.894
2024-08-01 09:32:04,BTCUSDT,bid,63800,617.82
2024-08-01 09:32:07,BTCUSDT,bid,63500,667.894
2024-08-01 09:32:07,BTCUSDT,bid,63500,667.907
2024-08-01 09:32:08,BTCUSDT,bid,63700,566.134
2024-08-01 09:32:09,BTCUSDT,bid,63500,667.904
2024-08-01 09:32:09,BTCUSDT,bid,63500,667.901
2024-08-01 09:32:11,BTCUSDT,bid,63500,667.907
2024-08-01 09:32:11,BTCUSDT,bid,63800,611.82
2024-08-01 09:32:12,BTCUSDT,bid,63800,611.759
2024-08-01 09:32:12,BTCUSDT,bid,63600,613.634
2024-08-01 09:32:13,BTCUSDT,bid,63800,611.735
2024-08-01 09:32:13,BTCUSDT,bid,63600,613.533
2024-08-01 09:32:14,BTCUSDT,bid,63500,666.333
2024-08-01 09:32:15,BTCUSDT,bid,63600,613.433
2024-08-01 09:32:15,BTCUSDT,bid,63700,566.234
2024-08-01 09:32:18,BTCUSDT,bid,63500,666.286
2024-08-01 09:32:20,BTCUSDT,bid,63800,611.696
2024-08-01 09:32:23,BTCUSDT,bid,63500,666.226
2024-08-01 09:32:23,BTCUSDT,bid,63600,613.493
2024-08-01 09:32:23,BTCUSDT,bid,63800,611.705
2024-08-01 09:32:23,BTCUSDT,bid,63500,666.315
2024-08-01 09:32:24,BTCUSDT,bid,63700,566.246
2024-08-01 09:32:25,BTCUSDT,bid,63500,666.393
2024-08-01 09:32:25,BTCUSDT,bid,63700,566.2
2024-08-01 09:32:27,BTCUSDT,bid,63500,666.401
2024-08-01 09:32:28,BTCUSDT,bid,63700,566.215
2024-08-01 09:32:31,BTCUSDT,bid,63500,666.371
2024-08-01 09:32:32,BTCUSDT,bid,63500,666.594
2024-08-01 09:32:33,BTCUSDT,bid,63800,611.818
2024-08-01 09:32:35,BTCUSDT,bid,63500,666.394
2024-08-01 09:32:35,BTCUSDT,bid,63700,565.885
2024-08-01 09:32:36,BTCUSDT,bid,63500,666.594
2024-08-01 09:32:36,BTCUSDT,bid,63500,666.623
2024-08-01 09:32:37,BTCUSDT,bid,63800,612.068
2024-08-01 09:32:37,BTCUSDT,bid,63500,666.642
2024-08-01 09:32:38,BTCUSDT,bid,63500,666.442
2024-08-01 09:32:39,BTCUSDT,bid,63500,666.642
2024-08-01 09:32:42,BTCUSDT,bid,63500,666.442
2024-08-01 09:32:44,BTCUSDT,bid,63700,566.235
2024-08-01 09:32:44,BTCUSDT,bid,63500,666.277
2024-08-01 09:32:47,BTCUSDT,bid,63500,666.277
2024-08-01 09:32:51,BTCUSDT,bid,63800,612.062
2024-08-01 09:32:52,BTCUSDT,bid,63600,613.443
2024-08-01 09:32:54,BTCUSDT,bid,63600,613.343
2024-08-01 09:32:54,BTCUSDT,bid,63700,566.335
2024-08-01 09:32:58,BTCUSDT,bid,63700,566.33
2024-08-01 09:33:02,BTCUSDT,bid,63500,666.344
2024-08-01 09:33:04,BTCUSDT,bid,63500,664.344
2024-08-01 09:33:05,BTCUSDT,bid,63700,566.341
2024-08-01 09:33:06,BTCUSDT,bid,63500,664.266
2024-08-01 09:33:06,BTCUSDT,bid,63800,612.139
2024-08-01 09:33:07,BTCUSDT,bid,63800,612.139
2024-08-01 09:33:07,BTCUSDT,bid,63600,613.345
2024-08-01 09:33:07,BTCUSDT,bid,63800,612.13
2024-08-01 09:33:09,BTCUSDT,bid,63500,664.255
2024-08-01 09:33:09,BTCUSDT,bid,63500,664.236
2024-08-01 09:33:10,BTCUSDT,bid,63800,611.739
2024-08-01 09:33:10,BTCUSDT,bid,63600,613.347
2024-08-01 09:33:12,BTCUSDT,bid,63500,664.788
2024-08-01 09:33:13,BTCUSDT,bid,63800,611.739
2024-08-01 09:33:15,BTCUSDT,bid,63800,611.733
2024-08-01 09:33:17,BTCUSDT,bid,63800,611.735
2024-08-01 09:33:20,BTCUSDT,bid,63500,664.79
2024-08-01 09:33:21,BTCUSDT,bid,63500,664.837
2024-08-01 09:33:26,BTCUSDT,bid,63500,664.83
2024-08-01 09:33:28,BTCUSDT,bid,63600,613.345
2024-08-01 09:33:28,BTCUSDT,bid,63800,611.737
2024-08-01 09:33:28,BTCUSDT,bid,63500,664.823
2024-08-01 09:33:30,BTCUSDT,bid,63600,613.356
2024-08-01 09:33:30,BTCUSDT,bid,63800,611.739
2024-08-01 09:33:33,BTCUSDT,bid,63800,611.748
2024-08-01 09:33:34,BTCUSDT,bid,63700,566.241
2024-08-01 09:33:35,BTCUSDT,bid,63500,664.782
2024-08-01 09:33:41,BTCUSDT,bid,63500,664.765
2024-08-01 09:33:42,BTCUSDT,bid,63800,610.748
2024-08-01 09:33:43,BTCUSDT,bid,63500,664.751
2024-08-01 09:33:44,BTCUSDT,bid,63800,610.79
2024-08-01 09:33:46,BTCUSDT,bid,63500,667.751
2024-08-01 09:33:48,BTCUSDT,bid,63500,667.643
2024-08-01 09:33:49,BTCUSDT,bid,63800,610.741
2024-08-01 09:33:50,BTCUSDT,bid,63800,610.628
2024-08-01 09:33:51,BTCUSDT,bid,63500,667.668
2024-08-01 09:33:52,BTCUSDT,bid,63500,667.739
2024-08-01 09:33:52,BTCUSDT,bid,63800,610.63
2024-08-01 09:33:53,BTCUSDT,bid,63500,667.65
2024-08-01 09:33:54,BTCUSDT,bid,63500,667.702
2024-08-01 09:33:59,BTCUSDT,bid,63600,613.348
2024-08-01 09:34:06,BTCUSDT,bid,63600,613.363
2024-08-01 09:34:09,BTCUSDT,bid,63700,566.032
2024-08-01 09:34:09,BTCUSDT,bid,63700,566.084
2024-08-01 09:34:10,BTCUSDT,bid,63500,667.708
2024-08-01 09:34:12,BTCUSDT,bid,63700,566.101
2024-08-01 09:34:13,BTCUSDT,bid,63600,613.336
2024-08-01 09:34:15,BTCUSDT,bid,63600,613.421
2024-08-01 09:34:16,BTCUSDT,bid,63500,667.685
2024-08-01 09:34:19,BTCUSDT,bid,63500,667.637
2024-08-01 09:34:19,BTCUSDT,bid,63600,613.189
2024-08-01 09:34:20,BTCUSDT,bid,63800,610.743
2024-08-01 09:34:22,BTCUSDT,bid,63700,565.601
2024-08-01 09:34:22,BTCUSDT,bid,63800,610.735
2024-08-01 09:34:28,BTCUSDT,bid,63700,565.626
2024-08-01 09:34:28,BTCUSDT,bid,63800,610.733
2024-08-01 09:34:30,BTCUSDT,bid,63800,610.77
2024-08-01 09:34:32,BTCUSDT,bid,63500,667.622
2024-08-01 09:34:34,BTCUSDT,bid,63800,610.772
2024-08-01 09:34:34,BTCUSDT,bid,63500,667.648
2024-08-01 09:34:36,BTCUSDT,bid,63500,667.625
2024-08-01 09:34:42,BTCUSDT,bid,63500,667.627
2024-08-01 09:34:42,BTCUSDT,bid,63800,610.813
2024-08-01 09:34:43,BTCUSDT,bid,63800,610.815
2024-08-01 09:34:46,BTCUSDT,bid,63600,613.204
2024-08-01 09:34:48,BTCUSDT,bid,63600,613.202
2024-08-01 09:34:50,BTCUSDT,bid,63500,668.163
2024-08-01 09:34:52,BTCUSDT,bid,63700,565.276
2024-08-01 09:34:56,BTCUSDT,bid,63600,613.213
2024-08-01 09:34:57,BTCUSDT,bid,63600,613.153
2024-08-01 09:35:03,BTCUSDT,bid,63700,565.646
2024-08-01 09:35:03,BTCUSDT,bid,63700,565.146
2024-08-01 09:35:05,BTCUSDT,bid,63600,612.653
2024-08-01 09:35:07,BTCUSDT,bid,63600,612.45
2024-08-01 09:35:08,BTCUSDT,bid,63800,610.565
2024-08-01 09:35:09,BTCUSDT,bid,63500,668.165
2024-08-01 09:35:11,BTCUSDT,bid,63500,668.11
2024-08-01 09:35:12,BTCUSDT,bid,63700,565.461
2024-08-01 09:35:12,BTCUSDT,bid,63600,612.43
2024-08-01 09:35:17,BTCUSDT,bid,63500,668.17
2024-08-01 09:35:19,BTCUSDT,bid,63800,610.572
2024-08-01 09:35:19,BTCUSDT,bid,63800,610.57
2024-08-01 09:35:20,BTCUSDT,bid,63800,610.52
2024-08-01 09:35:21,BTCUSDT,bid,63500,668.163
2024-08-01 09:35:25,BTCUSDT,bid,63500,667.741
2024-08-01 09:35:26,BTCUSDT,bid,63500,667.589
2024-08-01 09:35:27,BTCUSDT,bid,63600,612.436
2024-08-01 09:35:29,BTCUSDT,bid,63500,667.594
2024-08-01 09:35:32,BTCUSDT,bid,63500,667.61
2024-08-01 09:35:32,BTCUSDT,bid,63500,667.614
2024-08-01 09:35:33,BTCUSDT,bid,63500,667.617
2024-08-01 09:35:35,BTCUSDT,bid,63800,610.551
2024-08-01 09:35:35,BTCUSDT,bid,63800,610.494
2024-08-01 09:35:40,BTCUSDT,bid,63500,667.621
2024-08-01 09:35:41,BTCUSDT,bid,63500,667.559
2024-08-01 09:35:42,BTCUSDT,bid,63600,612.37
2024-08-01 09:35:43,BTCUSDT,bid,63500,667.531
2024-08-01 09:35:43,BTCUSDT,bid,63500,667.526
2024-08-01 09:35:43,BTCUSDT,bid,63600,612.375
2024-08-01 09:35:44,BTCUSDT,bid,63600,612.796
2024-08-01 09:35:46,BTCUSDT,bid,63700,564.52
2024-08-01 09:35:47,BTCUSDT,bid,63500,667.544
2024-08-01 09:35:48,BTCUSDT,bid,63600,612.824
2024-08-01 09:35:49,BTCUSDT,bid,63800,610.416
2024-08-01 09:35:49,BTCUSDT,bid,63500,667.518
2024-08-01 09:35:53,BTCUSDT,bid,63800,610.616
2024-08-01 09:35:53,BTCUSDT,bid,63500,667.53
2024-08-01 09:35:56,BTCUSDT,bid,63500,667.73
2024-08-01 09:35:56,BTCUSDT,bid,63500,667.686
2024-08-01 09:35:58,BTCUSDT,bid,63500,667.486
2024-08-01 09:35:58,BTCUSDT,bid,63500,667.49
2024-08-01 09:35:59,BTCUSDT,bid,63500,667.486
2024-08-01 09:36:00,BTCUSDT,bid,63700,564.522
2024-08-01 09:36:00,BTCUSDT,bid,63800,610.516
2024-08-01 09:36:00,BTCUSDT,bid,63800,610.516
2024-08-01 09:36:01,BTCUSDT,bid,63500,667.418
2024-08-01 09:36:02,BTCUSDT,bid,63800,610.616
2024-08-01 09:36:03,BTCUSDT,bid,63500,667.424
2024-08-01 09:36:03,BTCUSDT,bid,63600,612.833
2024-08-01 09:36:04,BTCUSDT,bid,63500,667.187
2024-08-01 09:36:05,BTCUSDT,bid,63800,610.516
2024-08-01 09:36:08,BTCUSDT,bid,63700,564.51
2024-08-01 09:36:08,BTCUSDT,bid,63700,564.666
2024-08-01 09:36:09,BTCUSDT,bid,63800,610.807
2024-08-01 09:36:10,BTCUSDT,bid,63700,564.691
2024-08-01 09:36:10,BTCUSDT,bid,63800,610.838
2024-08-01 09:36:13,BTCUSDT,bid,63800,611.011
2024-08-01 09:36:22,BTCUSDT,bid,63600,612.844
2024-08-01 09:36:23,BTCUSDT,bid,63600,612.75
2024-08-01 09:36:27,BTCUSDT,bid,63500,666.763
2024-08-01 09:36:31,BTCUSDT,bid,63500,667.705
2024-08-01 09:36:33,BTCUSDT,bid,63500,667.639
2024-08-01 09:36:34,BTCUSDT,bid,63800,611.008
2024-08-01 09:36:37,BTCUSDT,bid,63600,612.808
2024-08-01 09:36:38,BTCUSDT,bid,63600,612.75
2024-08-01 09:36:40,BTCUSDT,bid,63500,667.624
2024-08-01 09:36:40,BTCUSDT,bid,63600,612.641
2024-08-01 09:36:46,BTCUSDT,bid,63800,610.885
2024-08-01 09:36:48,BTCUSDT,bid,63800,610.985
2024-08-01 09:36:49,BTCUSDT,bid,63600,612.634
2024-08-01 09:36:50,BTCUSDT,bid,63600,612.681
2024-08-01 09:36:50,BTCUSDT,bid,63800,610.989
2024-08-01 09:36:51,BTCUSDT,bid,63800,610.889
2024-08-01 09:36:52,BTCUSDT,bid,63500,667.812
2024-08-01 09:36:52,BTCUSDT,bid,63500,668.598
2024-08-01 09:36:56,BTCUSDT,bid,63600,612.288
2024-08-01 09:36:56,BTCUSDT,bid,63800,610.947
2024-08-01 09:36:57,BTCUSDT,bid,63500,668.629
2024-08-01 09:36:59,BTCUSDT,bid,63500,668.616
2024-08-01 09:36:59,BTCUSDT,bid,63700,564.749
2024-08-01 09:37:00,BTCUSDT,bid,63700,564.764
2024-08-01 09:37:01,BTCUSDT,bid,63800,611.108
2024-08-01 09:37:04,BTCUSDT,bid,63700,564.706
2024-08-01 09:37:04,BTCUSDT,bid,63800,611.05
2024-08-01 09:37:06,BTCUSDT,bid,63500,668.538
2024-08-01 09:37:07,BTCUSDT,bid,63700,564.764
2024-08-01 09:37:08,BTCUSDT,bid,63700,564.706
2024-08-01 09:37:11,BTCUSDT,bid,63500,667.596
2024-08-01 09:37:11,BTCUSDT,bid,63800,611.052
2024-08-01 09:37:13,BTCUSDT,bid,63500,667.578
2024-08-01 09:37:19,BTCUSDT,bid,63800,611.002
2024-08-01 09:37:21,BTCUSDT,bid,63800,611.033
2024-08-01 09:37:21,BTCUSDT,bid,63800,611.031
2024-08-01 09:37:22,BTCUSDT,bid,63500,667.559
2024-08-01 09:37:23,BTCUSDT,bid,63600,612.242
2024-08-01 09:37:25,BTCUSDT,bid,63800,610.856
2024-08-01 09:37:25,BTCUSDT,bid,63800,609.356
2024-08-01 09:37:27,BTCUSDT,bid,63500,668.346
2024-08-01 09:37:31,BTCUSDT,bid,63600,612.233
2024-08-01 09:37:33,BTCUSDT,bid,63700,564.717
2024-08-01 09:37:35,BTCUSDT,bid,63800,609.303
2024-08-01 09:37:35,BTCUSDT,bid,63600,612.387
2024-08-01 09:37:36,BTCUSDT,bid,63500,668.178
2024-08-01 09:37:39,BTCUSDT,bid,63700,564.77
2024-08-01 09:37:39,BTCUSDT,bid,63600,612.544
2024-08-01 09:37:41,BTCUSDT,bid,63800,609.308
2024-08-01 09:37:42,BTCUSDT,bid,63700,564.805
2024-08-01 09:37:42,BTCUSDT,bid,63600,612.626
2024-08-01 09:37:43,BTCUSDT,bid,63500,668.155
2024-08-01 09:37:44,BTCUSDT,bid,63700,564.807
2024-08-01 09:37:44,BTCUSDT,bid,63800,609.408
2024-08-01 09:37:45,BTCUSDT,bid,63800,609.418
2024-08-01 09:37:46,BTCUSDT,bid,63500,667.95
2024-08-01 09:37:50,BTCUSDT,bid,63800,609.42
2024-08-01 09:37:52,BTCUSDT,bid,63600,612.472
2024-08-01 09:37:53,BTCUSDT,bid,63800,609.416
2024-08-01 09:37:55,BTCUSDT,bid,63500,667.838
2024-08-01 09:37:56,BTCUSDT,bid,63700,564.808
2024-08-01 09:37:56,BTCUSDT,bid,63800,609.418
2024-08-01 09:37:57,BTCUSDT,bid,63500,667.576
2024-08-01 09:37:57,BTCUSDT,bid,63700,564.558
2024-08-01 09:37:58,BTCUSDT,bid,63500,667.631
2024-08-01 09:37:58,BTCUSDT,bid,63500,667.598
2024-08-01 09:37:59,BTCUSDT,bid,63800,609.574
2024-08-01 09:38:00,BTCUSDT,bid,63600,612.444
2024-08-01 09:38:00,BTCUSDT,bid,63700,564.536
2024-08-01 09:38:00,BTCUSDT,bid,63600,612.083
2024-08-01 09:38:01,BTCUSDT,bid,63800,609.581
2024-08-01 09:38:04,BTCUSDT,bid,63500,667.6
2024-08-01 09:38:04,BTCUSDT,bid,63600,612.085
2024-08-01 09:38:04,BTCUSDT,bid,63600,612.081
2024-08-01 09:38:04,BTCUSDT,bid,63800,609.584
2024-08-01 09:38:06,BTCUSDT,bid,63700,564.543
2024-08-01 09:38:07,BTCUSDT,bid,63500,667.545
2024-08-01 09:38:07,BTCUSDT,bid,63800,609.589
2024-08-01 09:38:11,BTCUSDT,bid,63800,609.579
2024-08-01 09:38:12,BTCUSDT,bid,63500,667.53
2024-08-01 09:38:12,BTCUSDT,bid,63600,612.088
2024-08-01 09:38:12,BTCUSDT,bid,63800,609.591
2024-08-01 09:38:16,BTCUSDT,bid,63500,667.545
2024-08-01 09:38:16,BTCUSDT,bid,63500,667.445
2024-08-01 09:38:16,BTCUSDT,bid,63500,667.448
2024-08-01 09:38:18,BTCUSDT,bid,63500,667.444
2024-08-01 09:38:19,BTCUSDT,bid,63600,612.102
2024-08-01 09:38:23,BTCUSDT,bid,63800,609.561
2024-08-01 09:38:26,BTCUSDT,bid,63600,612.078
2024-08-01 09:38:26,BTCUSDT,bid,63600,612.09
2024-08-01 09:38:27,BTCUSDT,bid,63800,609.576
2024-08-01 09:38:29,BTCUSDT,bid,63500,667.474
2024-08-01 09:38:34,BTCUSDT,bid,63500,667.5
2024-08-01 09:38:34,BTCUSDT,bid,63700,564.309
2024-08-01 09:38:35,BTCUSDT,bid,63800,609.556
2024-08-01 09:38:36,BTCUSDT,bid,63500,667.55
2024-08-01 09:38:37,BTCUSDT,bid,63800,609.539
2024-08-01 09:38:42,BTCUSDT,bid,63500,667.583
2024-08-01 09:38:46,BTCUSDT,bid,63800,609.528
2024-08-01 09:38:49,BTCUSDT,bid,63500,667.567
2024-08-01 09:38:52,BTCUSDT,bid,63500,667.818
2024-08-01 09:38:55,BTCUSDT,bid,63800,609.523
2024-08-01 09:38:58,BTCUSDT,bid,63800,609.547
2024-08-01 09:39:02,BTCUSDT,bid,63600,612.082
2024-08-01 09:39:04,BTCUSDT,bid,63800,609.55
2024-08-01 09:39:05,BTCUSDT,bid,63700,564.38
2024-08-01 09:39:06,BTCUSDT,bid,63800,609.524
2024-08-01 09:39:10,BTCUSDT,bid,63800,617.246
2024-08-01 09:39:11,BTCUSDT,bid,63500,667.733
2024-08-01 09:39:12,BTCUSDT,bid,63700,564.497
2024-08-01 09:39:12,BTCUSDT,bid,63800,617.223
2024-08-01 09:39:13,BTCUSDT,bid,63600,612.182
2024-08-01 09:39:15,BTCUSDT,bid,63800,617.273
2024-08-01 09:39:19,BTCUSDT,bid,63500,667.792
2024-08-01 09:39:19,BTCUSDT,bid,63600,612.241
2024-08-01 09:39:19,BTCUSDT,bid,63700,564.556
2024-08-01 09:39:19,BTCUSDT,bid,63800,617.332
2024-08-01 09:39:24,BTCUSDT,bid,63800,616.749
2024-08-01 09:39:26,BTCUSDT,bid,63800,616.725
2024-08-01 09:39:26,BTCUSDT,bid,63500,667.799
2024-08-01 09:39:29,BTCUSDT,bid,63500,667.802
2024-08-01 09:39:29,BTCUSDT,bid,63500,667.787
2024-08-01 09:39:32,BTCUSDT,bid,63500,667.806
2024-08-01 09:39:32,BTCUSDT,bid,63600,612.222
2024-08-01 09:39:34,BTCUSDT,bid,63800,616.804
2024-08-01 09:39:35,BTCUSDT,bid,63800,616.73
2024-08-01 09:39:35,BTCUSDT,bid,63600,612.23
2024-08-01 09:39:35,BTCUSDT,bid,63500,667.95
2024-08-01 09:39:36,BTCUSDT,bid,63500,667.872
2024-08-01 09:39:38,BTCUSDT,bid,63600,612.03
2024-08-01 09:39:38,BTCUSDT,bid,63800,616.68
2024-08-01 09:39:41,BTCUSDT,bid,63600,612.046
2024-08-01 09:39:44,BTCUSDT,bid,63700,564.431
2024-08-01 09:39:45,BTCUSDT,bid,63600,612.746
2024-08-01 09:39:46,BTCUSDT,bid,63500,667.887
2024-08-01 09:39:50,BTCUSDT,bid,63800,616.691
2024-08-01 09:39:50,BTCUSDT,bid,63600,612.846
2024-08-01 09:39:53,BTCUSDT,bid,63700,564.447
2024-08-01 09:39:58,BTCUSDT,bid,63800,616.791
2024-08-01 09:39:59,BTCUSDT,bid,63500,667.918
2024-08-01 09:40:00,BTCUSDT,bid,63800,616.769
2024-08-01 09:40:00,BTCUSDT,bid,63800,616.669
2024-08-01 09:40:02,BTCUSDT,bid,63500,667.871
2024-08-01 09:40:04,BTCUSDT,bid,63800,616.665
2024-08-01 09:40:09,BTCUSDT,bid,63500,667.886
2024-08-01 09:40:14,BTCUSDT,bid,63800,616.647
2024-08-01 09:40:15,BTCUSDT,bid,63500,667.891
2024-08-01 09:40:21,BTCUSDT,bid,63500,667.897
2024-08-01 09:40:21,BTCUSDT,bid,63600,612.884
2024-08-01 09:40:22,BTCUSDT,bid,63700,564.056
2024-08-01 09:40:24,BTCUSDT,bid,63500,667.997
2024-08-01 09:40:24,BTCUSDT,bid,63800,616.645
2024-08-01 09:40:25,BTCUSDT,bid,63700,564.058
2024-08-01 09:40:26,BTCUSDT,bid,63800,616.652
2024-08-01 09:40:26,BTCUSDT,bid,63500,667.992
2024-08-01 09:40:27,BTCUSDT,bid,63500,667.999
2024-08-01 09:40:28,BTCUSDT,bid,63600,613.003
2024-08-01 09:40:31,BTCUSDT,bid,63500,667.499
2024-08-01 09:40:35,BTCUSDT,bid,63500,667.399
2024-08-01 09:40:36,BTCUSDT,bid,63800,616.639
2024-08-01 09:40:37,BTCUSDT,bid,63700,564.101
2024-08-01 09:40:40,BTCUSDT,bid,63800,616.517
2024-08-01 09:40:45,BTCUSDT,bid,63600,612.956
2024-08-01 09:40:55,BTCUSDT,bid,63500,667.412
2024-08-01 09:40:55,BTCUSDT,bid,63500,667.396
2024-08-01 09:40:57,BTCUSDT,bid,63500,667.398
2024-08-01 09:40:57,BTCUSDT,bid,63500,667.401
2024-08-01 09:40:58,BTCUSDT,bid,63600,612.941
2024-08-01 09:41:02,BTCUSDT,bid,63800,616.505
2024-08-01 09:41:02,BTCUSDT,bid,63800,616.519
2024-08-01 09:41:03,BTCUSDT,bid,63600,612.927
2024-08-01 09:41:03,BTCUSDT,bid,63500,667.362
2024-08-01 09:41:05,BTCUSDT,bid,63600,612.941
2024-08-01 09:41:06,BTCUSDT,bid,63500,667.36
2024-08-01 09:41:07,BTCUSDT,bid,63600,612.946
2024-08-01 09:41:08,BTCUSDT,bid,63800,616.507
2024-08-01 09:41:14,BTCUSDT,bid,63500,665.793
2024-08-01 09:41:15,BTCUSDT,bid,63500,665.806
2024-08-01 09:41:16,BTCUSDT,bid,63800,616.5
2024-08-01 09:41:16,BTCUSDT,bid,63700,564.108
2024-08-01 09:41:19,BTCUSDT,bid,63800,616.506
2024-08-01 09:41:22,BTCUSDT,bid,63500,665.857
2024-08-01 09:41:23,BTCUSDT,bid,63500,665.862
2024-08-01 09:41:23,BTCUSDT,bid,63500,665.847
2024-08-01 09:41:25,BTCUSDT,bid,63500,665.849
2024-08-01 09:41:26,BTCUSDT,bid,63600,612.948
2024-08-01 09:41:33,BTCUSDT,bid,63500,665.817
2024-08-01 09:41:37,BTCUSDT,bid,63800,616.306
2024-08-01 09:41:41,BTCUSDT,bid,63800,616.3
2024-08-01 09:41:43,BTCUSDT,bid,63600,612.94
2024-08-01 09:41:43,BTCUSDT,bid,63500,665.75
2024-08-01 09:41:45,BTCUSDT,bid,63500,665.758
2024-08-01 09:41:45,BTCUSDT,bid,63500,666.518
2024-08-01 09:41:45,BTCUSDT,bid,63500,666.536
2024-08-01 09:41:46,BTCUSDT,bid,63500,666.538
2024-08-01 09:41:46,BTCUSDT,bid,63500,666.632
2024-08-01 09:41:48,BTCUSDT,bid,63600,613.032
2024-08-01 09:41:50,BTCUSDT,bid,63600,613.095
2024-08-01 09:41:51,BTCUSDT,bid,63600,612.866
2024-08-01 09:41:56,BTCUSDT,bid,63600,612.868
2024-08-01 09:41:58,BTCUSDT,bid,63700,564.037
2024-08-01 09:42:00,BTCUSDT,bid,63500,666.634
2024-08-01 09:42:02,BTCUSDT,bid,63700,564.044
2024-08-01 09:42:04,BTCUSDT,bid,63700,564.054
2024-08-01 09:42:05,BTCUSDT,bid,63800,616.302
2024-08-01 09:42:06,BTCUSDT,bid,63600,612.858
2024-08-01 09:42:07,BTCUSDT,bid,63500,666.319
2024-08-01 09:42:08,BTCUSDT,bid,63700,564.062
2024-08-01 09:42:08,BTCUSDT,bid,63600,612.87
2024-08-01 09:42:09,BTCUSDT,bid,63500,666.313
2024-08-01 09:42:12,BTCUSDT,bid,63500,666.243
2024-08-01 09:42:12,BTCUSDT,bid,63700,564.01
2024-08-01 09:42:15,BTCUSDT,bid,63700,564.127
2024-08-01 09:42:16,BTCUSDT,bid,63500,666.258
2024-08-01 09:42:20,BTCUSDT,bid,63600,612.82
2024-08-01 09:42:29,BTCUSDT,bid,63600,612.818
2024-08-01 09:42:30,BTCUSDT,bid,63800,616.278
2024-08-01 09:42:31,BTCUSDT,bid,63600,612.808
2024-08-01 09:42:36,BTCUSDT,bid,63500,766.258
2024-08-01 09:42:37,BTCUSDT,bid,63500,766.319
2024-08-01 09:42:37,BTCUSDT,bid,63800,616.118
2024-08-01 09:42:40,BTCUSDT,bid,63800,616.108
2024-08-01 09:42:51,BTCUSDT,bid,63800,616.089
2024-08-01 09:43:01,BTCUSDT,bid,63800,616.091
2024-08-01 09:43:01,BTCUSDT,bid,63800,619.091
2024-08-01 09:43:02,BTCUSDT,bid,63500,766.342
2024-08-01 09:43:03,BTCUSDT,bid,63600,612.81
2024-08-01 09:43:03,BTCUSDT,bid,63600,612.808
2024-08-01 09:43:04,BTCUSDT,bid,63600,612.81
2024-08-01 09:43:05,BTCUSDT,bid,63600,612.808
2024-08-01 09:43:06,BTCUSDT,bid,63800,619.089
2024-08-01 09:43:08,BTCUSDT,bid,63600,612.78
2024-08-01 09:43:11,BTCUSDT,bid,63600,612.782
2024-08-01 09:43:13,BTCUSDT,bid,63800,619.096
2024-08-01 09:43:15,BTCUSDT,bid,63700,563.735
2024-08-01 09:43:15,BTCUSDT,bid,63800,616.096
2024-08-01 09:43:16,BTCUSDT,bid,63500,766.33
2024-08-01 09:43:16,BTCUSDT,bid,63800,616.084
2024-08-01 09:43:19,BTCUSDT,bid,63500,766.345
2024-08-01 09:43:25,BTCUSDT,bid,63800,616.072
2024-08-01 09:43:26,BTCUSDT,bid,63500,766.094
2024-08-01 09:43:27,BTCUSDT,bid,63500,766.097
2024-08-01 09:43:31,BTCUSDT,bid,63500,766.128
2024-08-01 09:43:33,BTCUSDT,bid,63600,612.768
2024-08-01 09:43:35,BTCUSDT,bid,63800,616.037
2024-08-01 09:43:40,BTCUSDT,bid,63500,765.884
2024-08-01 09:43:43,BTCUSDT,bid,63800,615.746
2024-08-01 09:43:47,BTCUSDT,bid,63600,612.801
2024-08-01 09:43:47,BTCUSDT,bid,63600,612.879
2024-08-01 09:43:49,BTCUSDT,bid,63800,615.668
2024-08-01 09:43:50,BTCUSDT,bid,63800,615.682
2024-08-01 09:43:50,BTCUSDT,bid,63500,765.89
2024-08-01 09:43:53,BTCUSDT,bid,63700,563.716
2024-08-01 09:43:58,BTCUSDT,bid,63500,765.497
2024-08-01 09:44:01,BTCUSDT,bid,63800,615.672
2024-08-01 09:44:03,BTCUSDT,bid,63600,612.877
2024-08-01 09:44:05,BTCUSDT,bid,63700,562.279
2024-08-01 09:44:06,BTCUSDT,bid,63800,615.674
2024-08-01 09:44:13,BTCUSDT,bid,63500,765.502
2024-08-01 09:44:16,BTCUSDT,bid,63600,613.191
2024-08-01 09:44:17,BTCUSDT,bid,63500,765.816
2024-08-01 09:44:18,BTCUSDT,bid,63800,615.677
2024-08-01 09:44:18,BTCUSDT,bid,63800,615.661
2024-08-01 09:44:18,BTCUSDT,bid,63500,765.823
2024-08-01 09:44:19,BTCUSDT,bid,63700,562.277
2024-08-01 09:44:20,BTCUSDT,bid,63800,615.663
2024-08-01 09:44:23,BTCUSDT,bid,63500,765.745
2024-08-01 09:44:23,BTCUSDT,bid,63500,765.739
2024-08-01 09:44:23,BTCUSDT,bid,63600,613.254
2024-08-01 09:44:23,BTCUSDT,bid,63800,615.669
2024-08-01 09:44:25,BTCUSDT,bid,63500,765.661
2024-08-01 09:44:27,BTCUSDT,bid,63800,615.685
2024-08-01 09:44:30,BTCUSDT,bid,63500,765.6
2024-08-01 09:44:30,BTCUSDT,bid,63500,765.625
2024-08-01 09:44:31,BTCUSDT,bid,63500,765.629
2024-08-01 09:44:31,BTCUSDT,bid,63700,562.267
2024-08-01 09:44:33,BTCUSDT,bid,63800,614.834
2024-08-01 09:44:37,BTCUSDT,bid,63600,613.259
2024-08-01 09:44:37,BTCUSDT,bid,63800,614.829
2024-08-01 09:44:38,BTCUSDT,bid,63700,562.272
2024-08-01 09:44:46,BTCUSDT,bid,63500,766.662
