2024-08-05 11:38:56,ETHUSDT,ask,2440,4154.109
2024-08-05 11:38:59,ETHUSDT,ask,2400,4625.551
2024-08-05 11:39:06,ETHUSDT,ask,2400,4619.306
2024-08-05 11:39:13,ETHUSDT,bid,2260,7944.529
2024-08-05 11:39:26,ETHUSDT,ask,2400,4569.346
2024-08-05 11:39:47,ETHUSDT,ask,2400,4569.323
2024-08-05 11:39:53,ETHUSDT,ask,2390,4294.562
2024-08-05 11:40:13,ETHUSDT,bid,2260,7931.587
2024-08-05 11:40:14,ETHUSDT,ask,2400,4570.637
2024-08-05 11:40:14,ETHUSDT,ask,2440,4154.179
2024-08-05 11:41:12,ETHUSDT,bid,2270,7915.904
2024-08-05 11:41:13,ETHUSDT,ask,2450,4500.686
2024-08-05 11:41:16,ETHUSDT,ask,2400,4571.32
2024-08-05 11:41:16,ETHUSDT,ask,2440,4154.218
2024-08-05 11:41:22,ETHUSDT,ask,2400,4562.987
2024-08-05 11:41:54,ETHUSDT,ask,2400,4561.853
2024-08-05 11:41:57,ETHUSDT,ask,2400,4561.753
2024-08-05 11:42:11,ETHUSDT,bid,2270,7910.106
2024-08-05 11:42:21,ETHUSDT,ask,2550,4703.119
2024-08-05 11:43:11,ETHUSDT,bid,2280,7892.279
2024-08-05 11:43:11,ETHUSDT,bid,2280,7892.314
2024-08-05 11:43:11,ETHUSDT,bid,2280,7892.279
2024-08-05 11:43:16,ETHUSDT,ask,2580,3871.528
2024-08-05 11:43:27,ETHUSDT,ask,2390,4294.562
2024-08-05 11:43:27,ETHUSDT,ask,2400,4568.997
2024-08-05 11:43:41,ETHUSDT,ask,2460,4052.862
2024-08-05 11:44:10,ETHUSDT,bid,2270,7896.38
2024-08-05 11:44:14,ETHUSDT,ask,2450,4498.563
2024-08-05 11:44:18,ETHUSDT,ask,2400,4569.071
2024-08-05 11:44:51,ETHUSDT,ask,2400,4591.875
2024-08-05 11:44:57,ETHUSDT,ask,2440,4154.218
2024-08-05 11:44:57,ETHUSDT,ask,2440,4154.59
2024-08-05 11:44:57,ETHUSDT,ask,2440,4154.568
2024-08-05 11:44:57,ETHUSDT,ask,2440,4154.263
2024-08-05 11:44:57,ETHUSDT,ask,2440,4154.549
2024-08-05 11:44:57,ETHUSDT,ask,2440,4154.281
2024-08-05 11:44:57,ETHUSDT,ask,2440,4154.218
2024-08-05 11:45:09,ETHUSDT,bid,2270,7896.399
2024-08-05 11:45:19,ETHUSDT,ask,2390,4296.162
2024-08-05 11:45:43,ETHUSDT,ask,2440,4154.687
2024-08-05 11:45:43,ETHUSDT,ask,2440,4154.687
2024-08-05 11:45:45,ETHUSDT,ask,2400,4591.812
2024-08-05 11:45:48,ETHUSDT,ask,2580,3870.012
2024-08-05 11:46:08,ETHUSDT,bid,2270,7899.448
2024-08-05 11:46:18,ETHUSDT,ask,2400,4745.098
2024-08-05 11:46:20,ETHUSDT,ask,2460,4061.406
2024-08-05 11:46:56,ETHUSDT,ask,2390,4294.676
2024-08-05 11:47:07,ETHUSDT,bid,2280,7886.849
2024-08-05 11:47:10,ETHUSDT,ask,2400,4745.498
2024-08-05 11:47:46,ETHUSDT,ask,2580,3870.001
2024-08-05 11:47:48,ETHUSDT,ask,2400,4746.346
2024-08-05 11:47:49,ETHUSDT,ask,2400,4746.096
2024-08-05 11:48:03,ETHUSDT,ask,2400,4746.241
2024-08-05 11:48:07,ETHUSDT,bid,2270,7902.431
2024-08-05 11:48:07,ETHUSDT,bid,1800,10690.897
2024-08-05 11:48:23,ETHUSDT,bid,1750,10370.52
2024-08-05 11:48:41,ETHUSDT,ask,2400,4746.619
2024-08-05 11:48:41,ETHUSDT,ask,2400,4746.041
2024-08-05 11:48:43,ETHUSDT,ask,2390,4294.662
2024-08-05 11:48:46,ETHUSDT,ask,2400,4746.457
2024-08-05 11:49:06,ETHUSDT,bid,2270,7900.697
2024-08-05 11:49:47,ETHUSDT,ask,2400,4746.957
2024-08-05 11:49:47,ETHUSDT,ask,2440,4154.681
2024-08-05 11:49:47,ETHUSDT,ask,2450,4498.776
2024-08-05 11:49:51,ETHUSDT,ask,2460,4061.396
2024-08-05 11:50:05,ETHUSDT,bid,2270,7921.314
2024-08-05 11:50:07,ETHUSDT,ask,2400,4747.005
2024-08-05 11:50:14,ETHUSDT,ask,2400,4746.945
2024-08-05 11:51:00,ETHUSDT,ask,2450,4501.919
2024-08-05 11:51:05,ETHUSDT,bid,2270,7914.393
2024-08-05 11:51:37,ETHUSDT,bid,1800,10691.297
2024-08-05 11:51:47,ETHUSDT,ask,2390,4294.712
2024-08-05 11:51:47,ETHUSDT,ask,2400,4746.895
2024-08-05 11:51:56,ETHUSDT,ask,2390,4294.703
2024-08-05 11:51:56,ETHUSDT,ask,2400,4746.886
2024-08-05 11:52:04,ETHUSDT,bid,1800,10690.897
2024-08-05 11:52:04,ETHUSDT,bid,2270,7914.959
2024-08-05 11:53:03,ETHUSDT,bid,2270,7916.457
2024-08-05 11:53:10,ETHUSDT,bid,2270,7916.367
2024-08-05 11:53:21,ETHUSDT,bid,1800,10690.917
2024-08-05 11:53:29,ETHUSDT,ask,2450,4497.895
2024-08-05 11:53:47,ETHUSDT,bid,1800,10690.901
2024-08-05 11:54:03,ETHUSDT,bid,2260,7933.184
2024-08-05 11:54:26,ETHUSDT,bid,1800,10691.283
2024-08-05 11:54:34,ETHUSDT,bid,1750,10401.844
2024-08-05 11:55:02,ETHUSDT,bid,2260,7936.752
2024-08-05 11:55:09,ETHUSDT,ask,2390,4295.119
2024-08-05 11:55:12,ETHUSDT,bid,1800,10691.671
2024-08-05 11:55:13,ETHUSDT,bid,1800,10691.629
2024-08-05 11:55:18,ETHUSDT,bid,1800,10691.247
2024-08-05 11:55:33,ETHUSDT,bid,1800,10694.58
2024-08-05 11:55:42,ETHUSDT,bid,1800,10690.068
2024-08-05 11:55:55,ETHUSDT,ask,2400,4754.639
2024-08-05 11:55:57,ETHUSDT,ask,2440,4152.315
2024-08-05 11:55:59,ETHUSDT,ask,2440,4152.317
2024-08-05 11:55:59,ETHUSDT,bid,1800,10691.068
2024-08-05 11:56:01,ETHUSDT,bid,1750,10407.697
2024-08-05 11:56:01,ETHUSDT,bid,2260,7941.655
2024-08-05 11:56:03,ETHUSDT,ask,2400,4754.529
2024-08-05 11:56:05,ETHUSDT,bid,1800,10707.734
2024-08-05 11:56:05,ETHUSDT,ask,2450,4497.957
2024-08-05 11:56:54,ETHUSDT,ask,2400,4751.821
2024-08-05 11:56:57,ETHUSDT,ask,2450,4486.977
2024-08-05 11:57:00,ETHUSDT,bid,2270,7928.607
2024-08-05 11:57:10,ETHUSDT,bid,1800,10708.289
2024-08-05 11:57:11,ETHUSDT,bid,1800,10709.289
2024-08-05 11:57:23,ETHUSDT,bid,1800,10730.61
2024-08-05 11:58:00,ETHUSDT,bid,2270,7925.808
2024-08-05 11:58:00,ETHUSDT,bid,2270,7925.844
2024-08-05 11:58:01,ETHUSDT,bid,1800,10709.289
2024-08-05 11:58:11,ETHUSDT,bid,2270,7925.808
2024-08-05 11:58:15,ETHUSDT,ask,2440,4151.664
2024-08-05 11:58:54,ETHUSDT,bid,1800,10708.734
2024-08-05 11:58:57,ETHUSDT,bid,1800,10706.734
2024-08-05 11:58:59,ETHUSDT,bid,2260,7931.227
2024-08-05 11:59:39,ETHUSDT,ask,2680,3730.609
2024-08-05 11:59:41,ETHUSDT,ask,2680,3730.689
2024-08-05 11:59:44,ETHUSDT,ask,2680,3730.529
2024-08-05 11:59:46,ETHUSDT,bid,1750,10401.844
2024-08-05 11:59:58,ETHUSDT,bid,2260,7945.977
2024-08-05 12:00:15,ETHUSDT,bid,1960,5169.957
2024-08-05 12:00:55,ETHUSDT,ask,2440,4153.762
2024-08-05 12:00:57,ETHUSDT,bid,2260,7948.201
2024-08-05 12:01:00,ETHUSDT,bid,1800,10706.845
2024-08-05 12:01:18,ETHUSDT,bid,1800,10706.828
2024-08-05 12:01:20,ETHUSDT,ask,2390,4314.424
2024-08-05 12:01:32,ETHUSDT,bid,2260,7957.032
2024-08-05 12:01:57,ETHUSDT,bid,2250,7985.413
2024-08-05 12:02:10,ETHUSDT,bid,1960,5170.008
2024-08-05 12:02:20,ETHUSDT,ask,2390,4309.529
2024-08-05 12:02:56,ETHUSDT,bid,2240,8026.29
2024-08-05 12:02:57,ETHUSDT,bid,2240,8026.325
2024-08-05 12:02:57,ETHUSDT,bid,2240,8026.29
2024-08-05 12:03:27,ETHUSDT,bid,1800,10706.862
2024-08-05 12:03:34,ETHUSDT,bid,1750,10396.13
2024-08-05 12:03:44,ETHUSDT,bid,1800,10701.307
2024-08-05 12:03:55,ETHUSDT,bid,2240,8035.319
2024-08-05 12:04:10,ETHUSDT,bid,1800,10700.764
2024-08-05 12:04:45,ETHUSDT,bid,1800,10700.779
2024-08-05 12:04:47,ETHUSDT,bid,1800,10700.829
2024-08-05 12:04:53,ETHUSDT,ask,2390,4304.529
2024-08-05 12:04:55,ETHUSDT,bid,2230,8067.887
2024-08-05 12:05:35,ETHUSDT,bid,1800,10700.884
2024-08-05 12:05:49,ETHUSDT,bid,1800,10700.772
2024-08-05 12:05:54,ETHUSDT,bid,2240,8032.824
2024-08-05 12:05:59,ETHUSDT,ask,2450,4485.825
2024-08-05 12:06:12,ETHUSDT,bid,1800,10700.784
2024-08-05 12:06:12,ETHUSDT,bid,1950,5144.952
2024-08-05 12:06:44,ETHUSDT,bid,1800,10700.893
2024-08-05 12:06:47,ETHUSDT,ask,2390,4369.327
2024-08-05 12:06:47,ETHUSDT,ask,2400,4584.537
2024-08-05 12:06:50,ETHUSDT,bid,1800,10700.843
2024-08-05 12:06:53,ETHUSDT,bid,2230,8052.934
2024-08-05 12:06:54,ETHUSDT,ask,2400,4584.564
2024-08-05 12:06:55,ETHUSDT,bid,1800,10701.625
2024-08-05 12:07:33,ETHUSDT,bid,1800,10701.661
2024-08-05 12:07:36,ETHUSDT,bid,1750,10394.131
2024-08-05 12:07:38,ETHUSDT,bid,1800,10702.551
2024-08-05 12:07:42,ETHUSDT,bid,1800,10702.623
2024-08-05 12:07:43,ETHUSDT,ask,2390,4369.79
2024-08-05 12:07:48,ETHUSDT,bid,2230,8052.979
2024-08-05 12:07:53,ETHUSDT,bid,2220,8076.13
2024-08-05 12:08:03,ETHUSDT,bid,1750,10397.131
2024-08-05 12:08:03,ETHUSDT,bid,1800,10702.9
2024-08-05 12:08:04,ETHUSDT,bid,1800,10702.759
2024-08-05 12:08:34,ETHUSDT,ask,2390,4354.989
2024-08-05 12:08:44,ETHUSDT,bid,1800,10702.775
2024-08-05 12:08:48,ETHUSDT,bid,1800,10711.422
2024-08-05 12:08:49,ETHUSDT,ask,2400,4587.261
2024-08-05 12:08:52,ETHUSDT,bid,2220,8081.279
2024-08-05 12:08:58,ETHUSDT,ask,2450,4485.701
2024-08-05 12:09:14,ETHUSDT,bid,1800,10718.694
2024-08-05 12:09:20,ETHUSDT,ask,2400,4584.185
2024-08-05 12:09:45,ETHUSDT,bid,1800,10719.167
2024-08-05 12:09:51,ETHUSDT,bid,2220,8087.961
2024-08-05 12:09:58,ETHUSDT,bid,1800,10710.52
2024-08-05 12:10:25,ETHUSDT,bid,1800,10739.211
2024-08-05 12:10:38,ETHUSDT,bid,1800,10794.026
2024-08-05 12:10:39,ETHUSDT,bid,1700,10101.937
2024-08-05 12:10:49,ETHUSDT,bid,1960,5175.008
2024-08-05 12:10:51,ETHUSDT,bid,2200,8168.118
2024-08-05 12:11:00,ETHUSDT,bid,1800,10793.776
2024-08-05 12:11:41,ETHUSDT,bid,1800,10793.955
2024-08-05 12:11:50,ETHUSDT,bid,2210,8126.447
2024-08-05 12:11:54,ETHUSDT,bid,1800,10739.14
2024-08-05 12:11:56,ETHUSDT,bid,1700,10102.406
2024-08-05 12:11:56,ETHUSDT,bid,1800,10739.19
2024-08-05 12:12:12,ETHUSDT,bid,1800,10739.202
2024-08-05 12:12:46,ETHUSDT,bid,1700,10102.582
2024-08-05 12:12:47,ETHUSDT,bid,1800,10739.023
2024-08-05 12:12:49,ETHUSDT,bid,2200,8170.713
2024-08-05 12:12:53,ETHUSDT,bid,2260,7270.659
2024-08-05 12:12:54,ETHUSDT,bid,2260,7270.673
2024-08-05 12:12:55,ETHUSDT,bid,2260,7270.659
2024-08-05 12:12:56,ETHUSDT,bid,2260,7271.638
2024-08-05 12:12:58,ETHUSDT,bid,2260,7270.669
2024-08-05 12:13:10,ETHUSDT,bid,1800,10744.023
2024-08-05 12:13:23,ETHUSDT,bid,1940,5143.319
2024-08-05 12:13:31,ETHUSDT,bid,1800,10738.468
2024-08-05 12:13:35,ETHUSDT,bid,1800,10738.415
2024-08-05 12:13:38,ETHUSDT,bid,1800,10738.085
2024-08-05 12:13:40,ETHUSDT,bid,1750,10225.703
2024-08-05 12:13:49,ETHUSDT,bid,2220,8118.254
2024-08-05 12:13:49,ETHUSDT,bid,2220,8103.399
2024-08-05 12:13:54,ETHUSDT,bid,1700,10102.406
2024-08-05 12:14:26,ETHUSDT,bid,1800,10738.265
2024-08-05 12:14:39,ETHUSDT,bid,1960,5170.008
2024-08-05 12:14:39,ETHUSDT,bid,1800,10738.32
2024-08-05 12:14:47,ETHUSDT,ask,2400,4580.359
2024-08-05 12:14:48,ETHUSDT,bid,1800,10738.491
2024-08-05 12:14:48,ETHUSDT,bid,2230,8048.576
2024-08-05 12:14:57,ETHUSDT,bid,1750,10197.132
2024-08-05 12:15:05,ETHUSDT,bid,1800,10738.503
2024-08-05 12:15:20,ETHUSDT,bid,2230,8049.693
2024-08-05 12:15:22,ETHUSDT,bid,1700,10102.564
2024-08-05 12:15:28,ETHUSDT,bid,1800,10737.003
2024-08-05 12:15:32,ETHUSDT,bid,2300,8109.447
2024-08-05 12:15:32,ETHUSDT,bid,2300,8108.582
2024-08-05 12:15:34,ETHUSDT,bid,2300,8108.582
2024-08-05 12:15:34,ETHUSDT,bid,2300,8108.602
2024-08-05 12:15:35,ETHUSDT,bid,2300,8110.326
2024-08-05 12:15:36,ETHUSDT,bid,2300,8108.582
2024-08-05 12:15:36,ETHUSDT,bid,2300,8112.068
2024-08-05 12:15:37,ETHUSDT,bid,2300,8110.974
2024-08-05 12:15:37,ETHUSDT,bid,2300,8109.231
2024-08-05 12:15:37,ETHUSDT,bid,2300,8110.976
2024-08-05 12:15:37,ETHUSDT,bid,2300,8110.245
2024-08-05 12:15:38,ETHUSDT,bid,2300,8111.111
2024-08-05 12:15:38,ETHUSDT,bid,2300,8110.245
2024-08-05 12:15:38,ETHUSDT,bid,1700,10102.095
2024-08-05 12:15:38,ETHUSDT,bid,2300,8108.582
2024-08-05 12:15:40,ETHUSDT,bid,2300,8111.192
2024-08-05 12:15:40,ETHUSDT,bid,2300,8108.582
2024-08-05 12:15:43,ETHUSDT,bid,2300,8108.582
2024-08-05 12:15:45,ETHUSDT,bid,1800,10736.973
2024-08-05 12:15:47,ETHUSDT,bid,2230,8086.224
2024-08-05 12:15:48,ETHUSDT,bid,2300,8125.11
2024-08-05 12:15:48,ETHUSDT,bid,2300,8108.582
2024-08-05 12:15:49,ETHUSDT,bid,2300,8109.234
2024-08-05 12:15:51,ETHUSDT,bid,2300,8108.582
2024-08-05 12:15:54,ETHUSDT,bid,2230,8041.553
2024-08-05 12:16:41,ETHUSDT,bid,1800,10737.023
2024-08-05 12:16:47,ETHUSDT,bid,2240,8092.898
2024-08-05 12:16:48,ETHUSDT,bid,1950,5147.113
2024-08-05 12:16:49,ETHUSDT,ask,2400,4583.984
2024-08-05 12:17:21,ETHUSDT,bid,1800,10737.006
2024-08-05 12:17:21,ETHUSDT,bid,2240,8092.928
2024-08-05 12:17:34,ETHUSDT,bid,2240,8093.039
2024-08-05 12:17:35,ETHUSDT,bid,1750,10191.418
2024-08-05 12:17:44,ETHUSDT,ask,2450,4475.406
2024-08-05 12:17:46,ETHUSDT,bid,2220,8091.633
2024-08-05 12:17:53,ETHUSDT,bid,1800,10736.992
2024-08-05 12:17:54,ETHUSDT,bid,1700,10102.732
2024-08-05 12:18:14,ETHUSDT,bid,1750,10160.094
2024-08-05 12:18:37,ETHUSDT,bid,1750,10167.241
2024-08-05 12:18:39,ETHUSDT,bid,1800,10737.006
2024-08-05 12:18:45,ETHUSDT,bid,2230,8050.819
2024-08-05 12:19:04,ETHUSDT,bid,1800,10737.238
2024-08-05 12:19:45,ETHUSDT,bid,2220,8087.343
2024-08-05 12:19:46,ETHUSDT,ask,2400,4582.182
2024-08-05 12:20:17,ETHUSDT,bid,1800,10745.834
2024-08-05 12:20:39,ETHUSDT,bid,1700,10102.82
2024-08-05 12:20:41,ETHUSDT,bid,2300,7686.569
2024-08-05 12:20:43,ETHUSDT,bid,1750,10166.92
2024-08-05 12:20:44,ETHUSDT,bid,2230,8059.929
2024-08-05 12:20:47,ETHUSDT,bid,1800,10746.102
2024-08-05 12:21:00,ETHUSDT,bid,1800,10753.102
2024-08-05 12:21:17,ETHUSDT,bid,1700,10103.877
2024-08-05 12:21:22,ETHUSDT,bid,2300,4994.141
2024-08-05 12:21:22,ETHUSDT,bid,2300,4994.164
2024-08-05 12:21:23,ETHUSDT,bid,2300,5119.018
2024-08-05 12:21:23,ETHUSDT,bid,2300,4994.164
2024-08-05 12:21:32,ETHUSDT,bid,1800,10753.787
2024-08-05 12:21:38,ETHUSDT,bid,1800,10748.787
2024-08-05 12:21:43,ETHUSDT,bid,2240,8053.032
2024-08-05 12:21:44,ETHUSDT,bid,2240,8038.35
2024-08-05 12:21:44,ETHUSDT,bid,2240,8023.668
2024-08-05 12:21:44,ETHUSDT,bid,2240,8008.986
2024-08-05 12:22:42,ETHUSDT,bid,2250,7991.739
2024-08-05 12:22:45,ETHUSDT,bid,1960,5172.008
2024-08-05 12:22:47,ETHUSDT,ask,2390,4351.553
2024-08-05 12:23:07,ETHUSDT,ask,2400,4590.26
2024-08-05 12:23:09,ETHUSDT,bid,1800,10778.787
2024-08-05 12:23:13,ETHUSDT,bid,1960,5172.407
2024-08-05 12:23:16,ETHUSDT,ask,2400,4590.722
2024-08-05 12:23:26,ETHUSDT,ask,2400,4590.306
2024-08-05 12:23:26,ETHUSDT,ask,2450,4481.263
2024-08-05 12:23:35,ETHUSDT,bid,1800,10778.519
2024-08-05 12:23:41,ETHUSDT,bid,2250,7986.582
2024-08-05 12:24:08,ETHUSDT,ask,2390,4351.576
2024-08-05 12:24:41,ETHUSDT,bid,2250,8028.412
2024-08-05 12:24:44,ETHUSDT,bid,1800,10777.964
2024-08-05 12:24:47,ETHUSDT,ask,2400,4600.124
2024-08-05 12:24:53,ETHUSDT,bid,1800,10778.519
2024-08-05 12:25:06,ETHUSDT,bid,1800,10778.545
2024-08-05 12:25:08,ETHUSDT,bid,1800,10778.295
2024-08-05 12:25:20,ETHUSDT,bid,1800,10777.74
2024-08-05 12:25:40,ETHUSDT,bid,2250,7991.866
2024-08-05 12:26:07,ETHUSDT,bid,1940,5145.375
2024-08-05 12:26:23,ETHUSDT,bid,1800,10777.795
2024-08-05 12:26:34,ETHUSDT,bid,1700,10103.935
2024-08-05 12:26:40,ETHUSDT,bid,2260,7934.199
2024-08-05 12:26:40,ETHUSDT,bid,1950,5147.628
2024-08-05 12:26:42,ETHUSDT,bid,1700,10104.023
2024-08-05 12:26:54,ETHUSDT,ask,2460,4061.429
2024-08-05 12:27:06,ETHUSDT,bid,1800,10777.781
2024-08-05 12:27:27,ETHUSDT,bid,1700,10104.043
2024-08-05 12:27:35,ETHUSDT,ask,2390,4491.457
2024-08-05 12:27:39,ETHUSDT,bid,2270,7916.611
2024-08-05 12:27:40,ETHUSDT,ask,2450,4472.58
2024-08-05 12:27:52,ETHUSDT,ask,2400,4621.105
2024-08-05 12:27:57,ETHUSDT,bid,1800,10776.281
2024-08-05 12:28:02,ETHUSDT,ask,2400,4621.305
2024-08-05 12:28:04,ETHUSDT,ask,2400,4616.305
2024-08-05 12:28:19,ETHUSDT,bid,1800,10776.302
2024-08-05 12:28:28,ETHUSDT,bid,1750,10167.262
2024-08-05 12:28:33,ETHUSDT,ask,2400,4619.502
2024-08-05 12:28:38,ETHUSDT,bid,2280,7894.632
2024-08-05 12:28:39,ETHUSDT,bid,2280,7894.65
2024-08-05 12:28:43,ETHUSDT,ask,2390,4354.619
2024-08-05 12:28:43,ETHUSDT,ask,2400,4604.326
2024-08-05 12:28:46,ETHUSDT,ask,2390,4354.603
2024-08-05 12:28:46,ETHUSDT,ask,2400,4604.31
2024-08-05 12:28:46,ETHUSDT,ask,2440,4170.273
2024-08-05 12:28:49,ETHUSDT,ask,2450,4468.777
2024-08-05 12:28:50,ETHUSDT,bid,2280,7894.632
2024-08-05 12:28:51,ETHUSDT,ask,2400,4593.387
2024-08-05 12:28:54,ETHUSDT,ask,2450,4471.827
2024-08-05 12:28:55,ETHUSDT,ask,2440,4170.378
2024-08-05 12:28:56,ETHUSDT,ask,2450,4471.727
2024-08-05 12:28:59,ETHUSDT,ask,2450,4471.319
2024-08-05 12:28:59,ETHUSDT,ask,2400,4601.514
2024-08-05 12:29:09,ETHUSDT,bid,1800,10776.315
2024-08-05 12:29:26,ETHUSDT,bid,1700,10104.093
2024-08-05 12:29:27,ETHUSDT,ask,2400,4602.046
2024-08-05 12:29:35,ETHUSDT,bid,1800,10775.533
2024-08-05 12:29:37,ETHUSDT,bid,2270,7911.705
2024-08-05 12:29:42,ETHUSDT,ask,2400,4614.559
2024-08-05 12:29:44,ETHUSDT,bid,2270,7913.899
2024-08-05 12:29:48,ETHUSDT,bid,1800,10775.483
2024-08-05 12:29:58,ETHUSDT,bid,1800,10777.009
2024-08-05 12:30:03,ETHUSDT,ask,2390,4377.391
2024-08-05 12:30:04,ETHUSDT,ask,2390,4377.401
2024-08-05 12:30:09,ETHUSDT,ask,2390,4377.411
2024-08-05 12:30:12,ETHUSDT,bid,2270,7911.705
2024-08-05 12:30:19,ETHUSDT,bid,1800,10778.509
2024-08-05 12:30:37,ETHUSDT,bid,2270,7899.483
2024-08-05 12:30:40,ETHUSDT,ask,2550,4279.149
2024-08-05 12:30:58,ETHUSDT,ask,2390,4366.831
2024-08-05 12:30:58,ETHUSDT,ask,2400,4604.92
2024-08-05 12:30:58,ETHUSDT,ask,2440,4178.495
2024-08-05 12:30:58,ETHUSDT,ask,2450,4473.355
2024-08-05 12:31:08,ETHUSDT,bid,1800,10787.599
2024-08-05 12:31:09,ETHUSDT,bid,1800,10786.687
2024-08-05 12:31:09,ETHUSDT,ask,2400,4604.945
2024-08-05 12:31:36,ETHUSDT,bid,2280,7893.767
2024-08-05 12:31:37,ETHUSDT,ask,2400,4607.223
2024-08-05 12:31:54,ETHUSDT,bid,1800,10784.362
2024-08-05 12:32:03,ETHUSDT,ask,2390,4370.825
2024-08-05 12:32:15,ETHUSDT,ask,2390,4371.661
2024-08-05 12:32:20,ETHUSDT,ask,2580,3940.002
2024-08-05 12:32:22,ETHUSDT,ask,2400,4615.903
2024-08-05 12:32:22,ETHUSDT,ask,2450,4473.374
2024-08-05 12:32:32,ETHUSDT,bid,1800,10785.367
2024-08-05 12:32:35,ETHUSDT,ask,2580,3870.324
2024-08-05 12:32:35,ETHUSDT,bid,2280,7894.632
2024-08-05 12:32:39,ETHUSDT,ask,2580,3870.312
2024-08-05 12:32:39,ETHUSDT,ask,2580,3870.292
2024-08-05 12:32:44,ETHUSDT,ask,2580,3870.224
2024-08-05 12:32:53,ETHUSDT,ask,2400,4616.451
2024-08-05 12:33:03,ETHUSDT,ask,2400,4617.525
2024-08-05 12:33:04,ETHUSDT,ask,2390,4374.534
2024-08-05 12:33:21,ETHUSDT,ask,2400,4617.418
2024-08-05 12:33:25,ETHUSDT,ask,2550,4277.897
2024-08-05 12:33:34,ETHUSDT,bid,2280,7866.726
2024-08-05 12:33:47,ETHUSDT,bid,1800,10789.288
2024-08-05 12:33:48,ETHUSDT,bid,1800,10789.276
2024-08-05 12:33:58,ETHUSDT,ask,2450,4480.536
2024-08-05 12:34:01,ETHUSDT,ask,2450,4481.036
2024-08-05 12:34:05,ETHUSDT,bid,1700,10103.456
2024-08-05 12:34:08,ETHUSDT,ask,2450,4486.062
2024-08-05 12:34:11,ETHUSDT,bid,1800,10789.312
2024-08-05 12:34:34,ETHUSDT,bid,2280,7875.654
2024-08-05 12:34:46,ETHUSDT,ask,2390,4386.815
2024-08-05 12:34:46,ETHUSDT,ask,2400,4601.564
2024-08-05 12:34:58,ETHUSDT,bid,1800,10789.276
2024-08-05 12:35:02,ETHUSDT,bid,1800,10789.928
2024-08-05 12:35:06,ETHUSDT,ask,2400,4643.227
2024-08-05 12:35:24,ETHUSDT,bid,1700,10103.444
2024-08-05 12:35:33,ETHUSDT,bid,2280,7891.379
2024-08-05 12:35:38,ETHUSDT,bid,1800,10789.964
2024-08-05 12:36:11,ETHUSDT,ask,2400,4643.336
2024-08-05 12:36:15,ETHUSDT,ask,2580,3870.264
2024-08-05 12:36:20,ETHUSDT,bid,1750,10174.297
2024-08-05 12:36:23,ETHUSDT,ask,2450,4481.533
2024-08-05 12:36:27,ETHUSDT,bid,1800,10791.485
2024-08-05 12:36:32,ETHUSDT,bid,2280,7893.307
2024-08-05 12:36:48,ETHUSDT,bid,1700,10103.527
2024-08-05 12:36:49,ETHUSDT,ask,2390,4387.349
2024-08-05 12:36:56,ETHUSDT,ask,2460,4061.429
2024-08-05 12:36:56,ETHUSDT,ask,2400,4600.733
2024-08-05 12:37:13,ETHUSDT,bid,1800,10792.596
2024-08-05 12:37:24,ETHUSDT,ask,2400,4567.512
2024-08-05 12:37:32,ETHUSDT,bid,2270,7906.353
2024-08-05 12:37:38,ETHUSDT,bid,1800,10792.651
2024-08-05 12:37:43,ETHUSDT,bid,1700,10103.585
2024-08-05 12:37:47,ETHUSDT,ask,2400,4566.946
2024-08-05 12:37:48,ETHUSDT,bid,1800,10792.8
2024-08-05 12:37:48,ETHUSDT,ask,2400,4565.888
2024-08-05 12:37:56,ETHUSDT,bid,1800,10791.689
2024-08-05 12:38:06,ETHUSDT,bid,1800,10791.789
2024-08-05 12:38:14,ETHUSDT,ask,2580,3940.014
2024-08-05 12:38:31,ETHUSDT,bid,2270,7899.643
2024-08-05 12:38:42,ETHUSDT,ask,2390,4395.736
2024-08-05 12:38:52,ETHUSDT,ask,2400,4713.598
2024-08-05 12:38:54,ETHUSDT,ask,2450,4477.391
2024-08-05 12:39:03,ETHUSDT,ask,2400,4744.421
2024-08-05 12:39:04,ETHUSDT,bid,1800,10791.829
2024-08-05 12:39:05,ETHUSDT,ask,2400,4746.613
2024-08-05 12:39:11,ETHUSDT,bid,1800,10791.841
2024-08-05 12:39:11,ETHUSDT,ask,2400,4604.062
2024-08-05 12:39:28,ETHUSDT,bid,1800,10791.876
2024-08-05 12:39:30,ETHUSDT,bid,2270,7912.244
2024-08-05 12:39:31,ETHUSDT,bid,2270,7912.279
2024-08-05 12:39:31,ETHUSDT,bid,2270,7912.244
2024-08-05 12:39:46,ETHUSDT,ask,2400,4603.821
2024-08-05 12:39:46,ETHUSDT,bid,1800,10791.944
2024-08-05 12:39:50,ETHUSDT,ask,2390,4395.736
2024-08-05 12:39:53,ETHUSDT,ask,2400,4602.988
2024-08-05 12:39:59,ETHUSDT,ask,2390,4395.777
2024-08-05 12:40:00,ETHUSDT,ask,2390,4395.401
2024-08-05 12:40:04,ETHUSDT,bid,1800,10791.932
2024-08-05 12:40:05,ETHUSDT,bid,1950,5148.628
2024-08-05 12:40:06,ETHUSDT,ask,2390,4395.423
2024-08-05 12:40:10,ETHUSDT,bid,1940,5146.375
2024-08-05 12:40:22,ETHUSDT,bid,1800,10794.232
2024-08-05 12:40:30,ETHUSDT,bid,2260,7931.859
2024-08-05 12:40:39,ETHUSDT,ask,2390,4477.437
2024-08-05 12:41:02,ETHUSDT,bid,1800,10794.212
2024-08-05 12:41:03,ETHUSDT,ask,2390,4377.172
2024-08-05 12:41:11,ETHUSDT,bid,1800,10794.329
2024-08-05 12:41:29,ETHUSDT,bid,2260,7931.611
2024-08-05 12:41:37,ETHUSDT,ask,2390,4377.172
2024-08-05 12:41:37,ETHUSDT,bid,1700,10103.638
2024-08-05 12:41:40,ETHUSDT,ask,2400,4547.345
2024-08-05 12:41:42,ETHUSDT,ask,2390,4377.172
2024-08-05 12:41:53,ETHUSDT,ask,2400,4547.357
2024-08-05 12:41:54,ETHUSDT,bid,1800,10801.753
2024-08-05 12:42:12,ETHUSDT,bid,1800,10801.101
2024-08-05 12:42:28,ETHUSDT,bid,2260,7948.985
2024-08-05 12:42:41,ETHUSDT,ask,2400,4547.573
2024-08-05 12:42:41,ETHUSDT,ask,2440,4173.228
2024-08-05 12:42:43,ETHUSDT,bid,1800,10801.754
2024-08-05 12:42:53,ETHUSDT,bid,2260,7951.187
2024-08-05 12:42:53,ETHUSDT,bid,2260,7948.985
2024-08-05 12:42:56,ETHUSDT,bid,1700,10104.774
2024-08-05 12:43:01,ETHUSDT,ask,2460,4078.278
2024-08-05 12:43:06,ETHUSDT,ask,2440,4173.25
2024-08-05 12:43:12,ETHUSDT,ask,2400,4549.181
2024-08-05 12:43:13,ETHUSDT,ask,2400,4549.2
2024-08-05 12:43:13,ETHUSDT,ask,2400,4549.62
2024-08-05 12:43:14,ETHUSDT,ask,2400,4549.181
2024-08-05 12:43:28,ETHUSDT,bid,2250,7986.972
2024-08-05 12:43:43,ETHUSDT,bid,1800,10802.448
2024-08-05 12:43:49,ETHUSDT,ask,2400,4549.163
2024-08-05 12:43:51,ETHUSDT,bid,1800,10802.725
