2024-08-09 00:05:58,SOLUSDT,ask,175,30908.0
2024-08-09 00:07:49,SOLUSDT,ask,175,30875.0
2024-08-09 00:07:59,SOLUSDT,ask,175,30873.0
2024-08-09 00:09:40,SOLUSDT,bid,74,67596.0
2024-08-09 00:16:11,SOLUSDT,ask,175,30874.0
2024-08-09 00:16:25,SOLUSDT,ask,175,30873.0
2024-08-09 00:17:51,SOLUSDT,ask,175,30875.0
2024-08-09 00:18:02,SOLUSDT,ask,175,30874.0
2024-08-09 00:21:07,SOLUSDT,ask,175,30904.0
2024-08-09 00:37:06,SOLUSDT,ask,175,30905.0
2024-08-09 00:37:06,SOLUSDT,ask,176,29013.0
2024-08-09 00:50:00,SOLUSDT,ask,175,30906.0
2024-08-09 01:01:09,SOLUSDT,ask,178,34894.0
2024-08-09 01:01:22,SOLUSDT,ask,178,34893.0
2024-08-09 01:05:07,SOLUSDT,ask,175,30907.0
2024-08-09 01:05:15,SOLUSDT,ask,175,30908.0
2024-08-09 01:05:49,SOLUSDT,ask,176,29014.0
2024-08-09 01:08:37,SOLUSDT,ask,178,34897.0
2024-08-09 01:14:31,SOLUSDT,ask,178,34900.0
2024-08-09 01:24:12,SOLUSDT,ask,176,28945.0
2024-08-09 01:31:48,SOLUSDT,ask,178,34901.0
2024-08-09 01:35:39,SOLUSDT,ask,175,30895.0
2024-08-09 02:05:22,SOLUSDT,ask,175,30871.0
2024-08-09 02:11:07,SOLUSDT,ask,176,28946.0
2024-08-09 02:11:22,SOLUSDT,ask,178,34902.0
2024-08-09 02:19:14,SOLUSDT,ask,175,30943.0
2024-08-09 02:19:46,SOLUSDT,ask,175,30941.0
2024-08-09 02:44:12,SOLUSDT,ask,175,30938.0
2024-08-09 02:59:45,SOLUSDT,ask,175,30936.0
2024-08-09 03:03:36,SOLUSDT,ask,175,30932.0
2024-08-09 03:05:31,SOLUSDT,ask,175,30936.0
2024-08-09 03:22:19,SOLUSDT,ask,176,30146.0
2024-08-09 03:24:52,SOLUSDT,ask,175,30937.0
2024-08-09 03:58:02,SOLUSDT,ask,178,34904.0
2024-08-09 04:01:05,SOLUSDT,ask,175,30935.0
2024-08-09 04:02:16,SOLUSDT,ask,175,30934.0
2024-08-09 04:25:56,SOLUSDT,ask,175,30979.0
2024-08-09 04:27:48,SOLUSDT,ask,175,30981.0
2024-08-09 04:37:16,SOLUSDT,ask,175,31042.0
2024-08-09 04:43:32,SOLUSDT,ask,175,31043.0
2024-08-09 04:46:17,SOLUSDT,ask,176,30147.0
2024-08-09 04:47:27,SOLUSDT,ask,178,34969.0
2024-08-09 04:47:39,SOLUSDT,ask,178,34904.0
2024-08-09 04:51:39,SOLUSDT,ask,175,31045.0
2024-08-09 04:54:08,SOLUSDT,ask,175,31046.0
2024-08-09 04:55:05,SOLUSDT,ask,175,31043.0
2024-08-09 04:56:45,SOLUSDT,ask,178,34900.0
2024-08-09 05:02:26,SOLUSDT,ask,175,31046.0
2024-08-09 05:13:14,SOLUSDT,ask,175,31036.0
2024-08-09 05:16:33,SOLUSDT,ask,175,31066.0
2024-08-09 05:17:51,SOLUSDT,ask,175,31004.0
2024-08-09 05:27:20,SOLUSDT,ask,175,31004.0
2024-08-09 05:27:59,SOLUSDT,ask,175,31007.0
2024-08-09 05:28:35,SOLUSDT,ask,175,31008.0
2024-08-09 05:34:49,SOLUSDT,ask,175,31072.0
2024-08-09 05:40:16,SOLUSDT,ask,175,31077.0
2024-08-09 05:46:15,SOLUSDT,ask,175,31079.0
2024-08-09 05:46:37,SOLUSDT,ask,175,31081.0
2024-08-09 05:48:38,SOLUSDT,ask,175,31020.0
2024-08-09 05:48:53,SOLUSDT,ask,175,31019.0
2024-08-09 05:51:10,SOLUSDT,ask,175,31020.0
2024-08-09 05:52:24,SOLUSDT,ask,176,30151.0
2024-08-09 05:52:25,SOLUSDT,ask,176,30153.0
2024-08-09 05:52:26,SOLUSDT,ask,176,30155.0
2024-08-09 05:55:19,SOLUSDT,ask,175,31016.0
2024-08-09 05:56:18,SOLUSDT,ask,175,31015.0
2024-08-09 05:59:20,SOLUSDT,ask,178,34901.0
2024-08-09 06:02:25,SOLUSDT,ask,176,30151.0
2024-08-09 06:02:26,SOLUSDT,ask,176,30147.0
2024-08-09 06:03:38,SOLUSDT,ask,175,29991.0
2024-08-09 06:03:47,SOLUSDT,ask,178,34900.0
2024-08-09 06:04:22,SOLUSDT,ask,175,29993.0
2024-08-09 06:04:44,SOLUSDT,ask,175,29993.0
2024-08-09 06:06:13,SOLUSDT,ask,175,30027.0
2024-08-09 06:08:32,SOLUSDT,ask,175,30039.0
2024-08-09 06:09:33,SOLUSDT,ask,175,30041.0
2024-08-09 06:10:47,SOLUSDT,ask,175,30052.0
2024-08-09 06:11:54,SOLUSDT,ask,175,30041.0
2024-08-09 06:13:58,SOLUSDT,ask,175,30024.0
2024-08-09 06:14:56,SOLUSDT,ask,175,31085.0
2024-08-09 06:16:00,SOLUSDT,ask,175,31084.0
2024-08-09 06:16:53,SOLUSDT,ask,175,31086.0
2024-08-09 06:17:04,SOLUSDT,ask,175,31087.0
2024-08-09 06:17:26,SOLUSDT,ask,175,31084.0
2024-08-09 06:17:44,SOLUSDT,ask,178,34902.0
2024-08-09 06:17:44,SOLUSDT,ask,178,34904.0
2024-08-09 06:17:44,SOLUSDT,ask,178,34908.0
2024-08-09 06:27:14,SOLUSDT,ask,175,31074.0
2024-08-09 06:27:44,SOLUSDT,ask,178,34905.0
2024-08-09 06:27:44,SOLUSDT,ask,178,34901.0
2024-08-09 06:28:19,SOLUSDT,ask,175,31073.0
2024-08-09 06:33:00,SOLUSDT,ask,176,30148.0
2024-08-09 06:36:38,SOLUSDT,ask,176,30149.0
2024-08-09 06:38:55,SOLUSDT,ask,175,31069.0
2024-08-09 06:44:25,SOLUSDT,ask,175,31008.0
2024-08-09 06:44:27,SOLUSDT,ask,175,30990.0
2024-08-09 06:45:08,SOLUSDT,ask,178,34906.0
2024-08-09 06:46:37,SOLUSDT,ask,175,30991.0
2024-08-09 06:52:35,SOLUSDT,ask,175,30997.0
2024-08-09 06:54:40,SOLUSDT,bid,163,44344.0
2024-08-09 06:54:40,SOLUSDT,bid,163,44348.0
2024-08-09 06:54:42,SOLUSDT,bid,163,44348.0
2024-08-09 06:54:43,SOLUSDT,bid,163,44388.0
2024-08-09 06:54:43,SOLUSDT,bid,163,44348.0
2024-08-09 06:54:43,SOLUSDT,bid,163,44354.0
2024-08-09 06:54:44,SOLUSDT,bid,163,44348.0
2024-08-09 06:54:44,SOLUSDT,bid,163,44350.0
2024-08-09 06:54:47,SOLUSDT,bid,163,44352.0
2024-08-09 06:54:48,SOLUSDT,bid,163,44350.0
2024-08-09 06:54:48,SOLUSDT,bid,163,44351.0
2024-08-09 06:54:49,SOLUSDT,bid,163,44350.0
2024-08-09 06:54:55,SOLUSDT,bid,163,44368.0
2024-08-09 06:54:56,SOLUSDT,bid,163,44369.0
2024-08-09 06:55:05,SOLUSDT,bid,163,44376.0
2024-08-09 06:55:05,SOLUSDT,bid,163,44632.0
2024-08-09 06:55:07,SOLUSDT,bid,163,44675.0
2024-08-09 06:55:10,SOLUSDT,bid,163,44676.0
2024-08-09 06:55:11,SOLUSDT,bid,163,44719.0
2024-08-09 06:55:13,SOLUSDT,bid,163,44463.0
2024-08-09 06:55:15,SOLUSDT,bid,163,44472.0
2024-08-09 06:55:16,SOLUSDT,bid,163,44473.0
2024-08-09 06:55:16,SOLUSDT,bid,163,44387.0
2024-08-09 06:55:16,SOLUSDT,bid,163,44858.0
2024-08-09 06:55:16,SOLUSDT,bid,163,44857.0
2024-08-09 06:55:17,SOLUSDT,bid,163,44848.0
2024-08-09 06:55:19,SOLUSDT,bid,163,44898.0
2024-08-09 06:55:24,SOLUSDT,bid,163,44428.0
2024-08-09 06:55:24,SOLUSDT,bid,163,44430.0
2024-08-09 06:55:26,SOLUSDT,bid,163,44437.0
2024-08-09 06:55:27,SOLUSDT,bid,163,44436.0
2024-08-09 06:55:30,SOLUSDT,bid,163,44437.0
2024-08-09 06:55:30,SOLUSDT,bid,163,44446.0
2024-08-09 06:55:30,SOLUSDT,bid,163,44434.0
2024-08-09 06:55:31,SOLUSDT,bid,163,44433.0
2024-08-09 06:55:32,SOLUSDT,bid,163,44433.0
2024-08-09 06:55:33,SOLUSDT,ask,175,30991.0
2024-08-09 06:55:35,SOLUSDT,bid,163,44438.0
2024-08-09 06:55:36,SOLUSDT,bid,163,44433.0
2024-08-09 06:55:38,SOLUSDT,bid,163,44435.0
2024-08-09 06:55:39,SOLUSDT,bid,163,44466.0
2024-08-09 06:55:39,SOLUSDT,bid,163,44466.0
2024-08-09 06:55:39,SOLUSDT,bid,163,44435.0
2024-08-09 06:55:39,SOLUSDT,bid,163,44438.0
2024-08-09 06:55:39,SOLUSDT,bid,163,44435.0
2024-08-09 06:55:40,SOLUSDT,bid,163,44452.0
2024-08-09 06:55:40,SOLUSDT,bid,163,44483.0
2024-08-09 06:55:40,SOLUSDT,bid,163,44452.0
2024-08-09 06:55:40,SOLUSDT,bid,163,44483.0
2024-08-09 06:55:40,SOLUSDT,bid,163,44435.0
2024-08-09 06:55:43,SOLUSDT,bid,163,44437.0
2024-08-09 06:55:43,SOLUSDT,bid,163,44440.0
2024-08-09 06:55:46,SOLUSDT,bid,163,44435.0
2024-08-09 06:55:46,SOLUSDT,bid,163,44436.0
2024-08-09 06:55:47,SOLUSDT,bid,163,44435.0
2024-08-09 06:55:47,SOLUSDT,bid,163,44445.0
2024-08-09 06:55:47,SOLUSDT,bid,163,44441.0
2024-08-09 06:55:48,SOLUSDT,bid,163,44441.0
2024-08-09 06:55:48,SOLUSDT,bid,163,44438.0
2024-08-09 06:55:49,SOLUSDT,bid,163,44448.0
2024-08-09 06:55:50,SOLUSDT,bid,163,44457.0
2024-08-09 06:55:51,SOLUSDT,bid,163,44457.0
2024-08-09 06:55:52,SOLUSDT,bid,163,44477.0
2024-08-09 06:55:52,SOLUSDT,bid,163,44477.0
2024-08-09 06:55:53,SOLUSDT,bid,163,44465.0
2024-08-09 06:55:53,SOLUSDT,bid,163,44566.0
2024-08-09 06:55:53,SOLUSDT,ask,175,30989.0
2024-08-09 06:55:53,SOLUSDT,bid,163,44465.0
2024-08-09 06:55:54,SOLUSDT,bid,163,44466.0
2024-08-09 06:55:56,SOLUSDT,bid,163,44549.0
2024-08-09 06:55:56,SOLUSDT,bid,163,44563.0
2024-08-09 06:55:56,SOLUSDT,bid,163,44563.0
2024-08-09 06:55:57,SOLUSDT,bid,163,44552.0
2024-08-09 06:55:58,SOLUSDT,bid,163,44643.0
2024-08-09 06:55:59,SOLUSDT,bid,163,44648.0
2024-08-09 06:55:59,SOLUSDT,bid,163,44643.0
2024-08-09 06:55:59,SOLUSDT,bid,163,44744.0
2024-08-09 06:56:00,SOLUSDT,bid,163,44643.0
2024-08-09 06:56:00,SOLUSDT,bid,163,44538.0
2024-08-09 06:56:01,SOLUSDT,bid,163,44569.0
2024-08-09 06:56:01,SOLUSDT,bid,163,44538.0
2024-08-09 06:56:01,SOLUSDT,bid,163,44569.0
2024-08-09 06:56:01,SOLUSDT,bid,163,44538.0
2024-08-09 06:56:02,SOLUSDT,bid,163,44466.0
2024-08-09 06:56:03,SOLUSDT,bid,163,44466.0
2024-08-09 06:56:03,SOLUSDT,bid,163,44466.0
2024-08-09 06:56:03,SOLUSDT,bid,163,44469.0
2024-08-09 06:56:03,SOLUSDT,bid,163,44471.0
2024-08-09 06:56:03,SOLUSDT,bid,163,44468.0
2024-08-09 06:56:04,SOLUSDT,bid,163,44490.0
2024-08-09 06:56:04,SOLUSDT,bid,163,44469.0
2024-08-09 06:56:05,SOLUSDT,bid,163,44466.0
2024-08-09 06:56:07,SOLUSDT,bid,163,44472.0
2024-08-09 06:56:08,SOLUSDT,bid,163,44474.0
2024-08-09 06:56:08,SOLUSDT,bid,163,44484.0
2024-08-09 06:56:08,SOLUSDT,bid,163,44474.0
2024-08-09 06:56:08,SOLUSDT,bid,163,44472.0
2024-08-09 06:56:10,SOLUSDT,bid,163,44475.0
2024-08-09 06:56:10,SOLUSDT,bid,163,44477.0
2024-08-09 06:56:12,SOLUSDT,bid,163,44727.0
2024-08-09 06:56:12,SOLUSDT,bid,163,44725.0
2024-08-09 06:56:12,SOLUSDT,bid,163,44727.0
2024-08-09 06:56:12,SOLUSDT,bid,163,44477.0
2024-08-09 06:56:12,SOLUSDT,bid,163,44488.0
2024-08-09 06:59:47,SOLUSDT,ask,178,34907.0
2024-08-09 07:03:39,SOLUSDT,ask,175,30984.0
2024-08-09 07:10:34,SOLUSDT,ask,175,30988.0
2024-08-09 07:12:51,SOLUSDT,ask,178,34905.0
2024-08-09 07:24:17,SOLUSDT,ask,175,30978.0
2024-08-09 07:27:16,SOLUSDT,ask,178,34890.0
2024-08-09 07:28:00,SOLUSDT,ask,176,30284.0
2024-08-09 07:28:49,SOLUSDT,ask,175,31338.0
2024-08-09 07:29:28,SOLUSDT,ask,175,31339.0
2024-08-09 07:31:47,SOLUSDT,ask,175,31562.0
2024-08-09 07:32:56,SOLUSDT,ask,178,34895.0
2024-08-09 07:36:18,SOLUSDT,ask,175,31564.0
2024-08-09 07:36:43,SOLUSDT,ask,175,31679.0
2024-08-09 07:42:55,SOLUSDT,ask,175,31454.0
2024-08-09 07:43:24,SOLUSDT,ask,175,31094.0
2024-08-09 07:43:57,SOLUSDT,ask,178,34899.0
2024-08-09 07:44:33,SOLUSDT,ask,176,30285.0
2024-08-09 07:45:07,SOLUSDT,ask,178,34904.0
2024-08-09 07:46:12,SOLUSDT,ask,175,31093.0
2024-08-09 07:47:51,SOLUSDT,ask,175,31094.0
2024-08-09 07:49:26,SOLUSDT,ask,176,30150.0
2024-08-09 07:52:36,SOLUSDT,ask,175,31106.0
2024-08-09 07:53:00,SOLUSDT,ask,175,31146.0
2024-08-09 07:53:56,SOLUSDT,ask,176,30205.0
2024-08-09 08:01:46,SOLUSDT,ask,175,31147.0
2024-08-09 08:04:01,SOLUSDT,ask,175,31154.0
2024-08-09 08:04:01,SOLUSDT,ask,176,30205.0
2024-08-09 08:04:01,SOLUSDT,ask,178,34904.0
2024-08-09 08:06:47,SOLUSDT,ask,175,31154.0
2024-08-09 08:06:47,SOLUSDT,ask,176,30205.0
2024-08-09 08:06:47,SOLUSDT,ask,178,34904.0
2024-08-09 09:54:11,SOLUSDT,ask,175,31393.0
2024-08-09 09:55:55,SOLUSDT,ask,175,31392.0
2024-08-09 09:57:35,SOLUSDT,ask,175,31393.0
2024-08-09 09:59:25,SOLUSDT,ask,175,31392.0
2024-08-09 10:00:42,SOLUSDT,ask,175,31392.0
2024-08-09 10:02:00,SOLUSDT,ask,175,31391.0
2024-08-09 10:10:23,SOLUSDT,ask,176,30185.0
2024-08-09 10:10:31,SOLUSDT,ask,175,31396.0
2024-08-09 10:12:18,SOLUSDT,ask,175,31397.0
2024-08-09 10:14:30,SOLUSDT,ask,178,34915.0
2024-08-09 10:22:52,SOLUSDT,ask,176,31770.0
2024-08-09 10:31:41,SOLUSDT,ask,176,31771.0
2024-08-09 10:31:47,SOLUSDT,ask,175,31399.0
2024-08-09 10:31:51,SOLUSDT,ask,176,31770.0
2024-08-09 10:32:10,SOLUSDT,ask,175,31400.0
2024-08-09 10:32:33,SOLUSDT,ask,176,31774.0
2024-08-09 10:32:33,SOLUSDT,ask,176,31776.0
2024-08-09 10:32:41,SOLUSDT,ask,176,31776.0
2024-08-09 10:32:43,SOLUSDT,ask,176,31778.0
2024-08-09 10:32:44,SOLUSDT,ask,176,31780.0
2024-08-09 10:32:44,SOLUSDT,ask,176,31781.0
2024-08-09 10:32:51,SOLUSDT,ask,175,31399.0
2024-08-09 10:32:53,SOLUSDT,ask,176,31780.0
2024-08-09 10:41:57,SOLUSDT,ask,175,31398.0
2024-08-09 10:42:00,SOLUSDT,ask,175,31397.0
2024-08-09 10:42:33,SOLUSDT,ask,176,31776.0
2024-08-09 10:42:33,SOLUSDT,ask,176,31774.0
2024-08-09 10:42:43,SOLUSDT,ask,176,31772.0
2024-08-09 10:42:44,SOLUSDT,ask,176,31770.0
2024-08-09 10:47:31,SOLUSDT,ask,175,31397.0
2024-08-09 10:52:18,SOLUSDT,ask,178,34910.0
2024-08-09 10:57:03,SOLUSDT,ask,178,34932.0
2024-08-09 10:57:12,SOLUSDT,ask,178,34910.0
2024-08-09 11:03:10,SOLUSDT,ask,175,31397.0
2024-08-09 11:03:10,SOLUSDT,ask,176,31770.0
2024-08-09 11:03:10,SOLUSDT,ask,178,34911.0
2024-08-09 11:10:41,SOLUSDT,ask,175,31396.0
2024-08-09 11:21:01,SOLUSDT,ask,175,31397.0
2024-08-09 11:46:48,SOLUSDT,ask,175,31396.0
2024-08-09 11:49:49,SOLUSDT,ask,178,34912.0
2024-08-09 11:53:00,SOLUSDT,bid,150,34740.0
2024-08-09 11:53:02,SOLUSDT,bid,150,34741.0
2024-08-09 11:53:33,SOLUSDT,bid,150,34742.0
2024-08-09 11:53:38,SOLUSDT,bid,150,34741.0
2024-08-09 11:54:12,SOLUSDT,bid,150,34774.0
2024-08-09 11:54:19,SOLUSDT,bid,150,34741.0
2024-08-09 11:55:01,SOLUSDT,bid,150,34740.0
2024-08-09 11:55:13,SOLUSDT,bid,150,34746.0
2024-08-09 11:55:18,SOLUSDT,bid,150,34744.0
2024-08-09 11:55:32,SOLUSDT,bid,150,34748.0
2024-08-09 11:55:51,SOLUSDT,bid,150,34747.0
2024-08-09 11:56:01,SOLUSDT,bid,150,34748.0
2024-08-09 11:56:02,SOLUSDT,ask,175,31395.0
2024-08-09 11:56:23,SOLUSDT,bid,150,34750.0
2024-08-09 11:56:36,SOLUSDT,bid,150,34816.0
2024-08-09 11:56:57,SOLUSDT,ask,175,31394.0
2024-08-09 11:57:09,SOLUSDT,bid,150,34828.0
2024-08-09 11:57:27,SOLUSDT,bid,150,34822.0
2024-08-09 11:57:40,SOLUSDT,bid,150,34828.0
2024-08-09 11:57:45,SOLUSDT,bid,150,34827.0
2024-08-09 11:58:00,SOLUSDT,bid,150,34826.0
2024-08-09 11:58:36,SOLUSDT,bid,150,34827.0
2024-08-09 11:58:38,SOLUSDT,bid,150,34828.0
2024-08-09 11:58:43,SOLUSDT,ask,175,31392.0
2024-08-09 11:58:46,SOLUSDT,bid,150,34826.0
2024-08-09 11:59:07,SOLUSDT,bid,150,34827.0
2024-08-09 11:59:07,SOLUSDT,ask,175,31393.0
2024-08-09 11:59:24,SOLUSDT,bid,150,34831.0
2024-08-09 12:00:17,SOLUSDT,bid,150,34836.0
2024-08-09 12:00:20,SOLUSDT,bid,150,34886.0
2024-08-09 12:00:22,SOLUSDT,bid,150,34881.0
2024-08-09 12:00:30,SOLUSDT,bid,150,34891.0
2024-08-09 12:00:30,SOLUSDT,bid,150,34887.0
2024-08-09 12:00:42,SOLUSDT,bid,150,34897.0
2024-08-09 12:03:36,SOLUSDT,ask,175,31391.0
2024-08-09 12:03:47,SOLUSDT,bid,150,34744.0
2024-08-09 12:04:01,SOLUSDT,ask,176,30186.0
2024-08-09 12:04:05,SOLUSDT,bid,150,34743.0
2024-08-09 12:04:46,SOLUSDT,bid,150,34763.0
2024-08-09 12:05:01,SOLUSDT,bid,150,34754.0
2024-08-09 12:05:08,SOLUSDT,ask,178,34877.0
2024-08-09 12:05:14,SOLUSDT,bid,150,34753.0
2024-08-09 12:07:04,SOLUSDT,ask,176,30185.0
2024-08-09 12:07:21,SOLUSDT,ask,175,31405.0
2024-08-09 12:08:05,SOLUSDT,ask,175,31394.0
2024-08-09 12:10:31,SOLUSDT,ask,175,31393.0
2024-08-09 12:10:38,SOLUSDT,ask,178,34878.0
2024-08-09 12:12:05,SOLUSDT,ask,175,31390.0
2024-08-09 12:13:54,SOLUSDT,ask,175,31275.0
2024-08-09 12:15:39,SOLUSDT,ask,178,34877.0
2024-08-09 12:17:17,SOLUSDT,ask,178,34878.0
2024-08-09 12:25:36,SOLUSDT,ask,175,31413.0
2024-08-09 12:35:19,SOLUSDT,bid,150,33440.0
2024-08-09 12:35:30,SOLUSDT,ask,175,31368.0
2024-08-09 12:35:42,SOLUSDT,bid,150,33441.0
2024-08-09 12:36:32,SOLUSDT,bid,150,33442.0
2024-08-09 12:37:16,SOLUSDT,bid,45,111876.0
2024-08-09 12:37:26,SOLUSDT,bid,150,33517.0
2024-08-09 12:37:30,SOLUSDT,bid,150,33487.0
2024-08-09 12:38:17,SOLUSDT,bid,150,33412.0
2024-08-09 12:38:44,SOLUSDT,bid,150,33428.0
2024-08-09 12:39:02,SOLUSDT,bid,150,33429.0
2024-08-09 12:39:59,SOLUSDT,bid,150,33427.0
2024-08-09 12:40:00,SOLUSDT,bid,150,33428.0
2024-08-09 12:41:03,SOLUSDT,bid,150,33426.0
2024-08-09 12:41:08,SOLUSDT,ask,178,34876.0
2024-08-09 12:45:43,SOLUSDT,bid,150,33434.0
2024-08-09 12:45:50,SOLUSDT,bid,150,33435.0
2024-08-09 12:47:45,SOLUSDT,bid,150,33436.0
2024-08-09 12:48:43,SOLUSDT,bid,150,33433.0
2024-08-09 12:49:31,SOLUSDT,bid,150,33461.0
2024-08-09 12:50:13,SOLUSDT,bid,150,33431.0
2024-08-09 12:50:42,SOLUSDT,bid,150,33432.0
2024-08-09 12:51:14,SOLUSDT,bid,150,33630.0
2024-08-09 12:52:05,SOLUSDT,bid,150,33631.0
2024-08-09 12:52:06,SOLUSDT,bid,150,33634.0
2024-08-09 12:54:10,SOLUSDT,bid,150,33633.0
2024-08-09 12:54:19,SOLUSDT,bid,150,33648.0
2024-08-09 12:55:12,SOLUSDT,bid,150,33647.0
2024-08-09 12:57:58,SOLUSDT,bid,150,33645.0
2024-08-09 12:58:51,SOLUSDT,bid,150,33638.0
2024-08-09 12:59:03,SOLUSDT,bid,150,33645.0
2024-08-09 13:00:18,SOLUSDT,ask,175,31495.0
2024-08-09 13:02:24,SOLUSDT,ask,176,30186.0
2024-08-09 13:08:59,SOLUSDT,ask,175,31506.0
2024-08-09 13:13:38,SOLUSDT,bid,150,33453.0
2024-08-09 13:20:04,SOLUSDT,ask,178,34875.0
2024-08-09 13:29:18,SOLUSDT,ask,175,31495.0
2024-08-09 13:38:41,SOLUSDT,ask,175,31526.0
2024-08-09 13:38:53,SOLUSDT,ask,175,31530.0
2024-08-09 13:39:47,SOLUSDT,ask,175,31542.0
2024-08-09 13:42:58,SOLUSDT,ask,176,30189.0
2024-08-09 13:43:03,SOLUSDT,ask,176,30186.0
2024-08-09 13:45:50,SOLUSDT,ask,175,31874.0
2024-08-09 13:48:18,SOLUSDT,ask,175,31831.0
2024-08-09 13:51:58,SOLUSDT,ask,175,31500.0
2024-08-09 13:57:27,SOLUSDT,ask,176,30187.0
2024-08-09 14:13:25,SOLUSDT,ask,175,31489.0
2024-08-09 14:17:55,SOLUSDT,ask,175,31492.0
2024-08-09 14:29:03,SOLUSDT,ask,175,31493.0
2024-08-09 14:32:10,SOLUSDT,ask,178,34874.0
2024-08-09 14:34:22,SOLUSDT,ask,175,32030.0
2024-08-09 14:36:17,SOLUSDT,ask,176,30190.0
2024-08-09 14:38:20,SOLUSDT,ask,176,30188.0
2024-08-09 14:47:09,SOLUSDT,ask,175,32033.0
2024-08-09 14:47:09,SOLUSDT,ask,176,30190.0
2024-08-09 14:47:09,SOLUSDT,ask,178,34877.0
2024-08-09 14:50:48,SOLUSDT,ask,178,34834.0
2024-08-09 14:54:51,SOLUSDT,ask,178,34849.0
2024-08-09 14:55:04,SOLUSDT,ask,178,34854.0
2024-08-09 14:56:11,SOLUSDT,ask,175,32031.0
2024-08-09 14:56:41,SOLUSDT,ask,176,28990.0
2024-08-09 15:01:49,SOLUSDT,ask,175,32032.0
2024-08-09 15:03:53,SOLUSDT,ask,175,32031.0
2024-08-09 15:10:52,SOLUSDT,ask,175,32032.0
2024-08-09 15:11:26,SOLUSDT,ask,175,32037.0
2024-08-09 15:15:03,SOLUSDT,ask,175,32036.0
2024-08-09 15:19:28,SOLUSDT,ask,176,28991.0
2024-08-09 15:19:38,SOLUSDT,ask,178,34855.0
2024-08-09 15:24:07,SOLUSDT,ask,178,34854.0
2024-08-09 15:24:18,SOLUSDT,ask,176,28990.0
2024-08-09 15:24:34,SOLUSDT,ask,178,34853.0
2024-08-09 15:25:53,SOLUSDT,ask,178,34854.0
2024-08-09 15:30:35,SOLUSDT,ask,175,32035.0
2024-08-09 15:30:35,SOLUSDT,ask,176,28989.0
2024-08-09 15:30:35,SOLUSDT,ask,178,34853.0
2024-08-09 15:32:10,SOLUSDT,ask,176,28990.0
2024-08-09 15:32:24,SOLUSDT,ask,176,28989.0
2024-08-09 15:35:51,SOLUSDT,ask,175,32036.0
2024-08-09 15:36:04,SOLUSDT,ask,176,28990.0
2024-08-09 15:36:32,SOLUSDT,ask,178,34854.0
2024-08-09 15:50:09,SOLUSDT,ask,175,31499.0
2024-08-09 15:50:33,SOLUSDT,ask,176,28986.0
2024-08-09 15:51:50,SOLUSDT,ask,175,31498.0
2024-08-09 15:56:51,SOLUSDT,ask,176,29001.0
2024-08-09 15:59:39,SOLUSDT,ask,175,31499.0
2024-08-09 16:00:16,SOLUSDT,ask,175,31500.0
2024-08-09 16:03:03,SOLUSDT,ask,175,31700.0
2024-08-09 16:06:28,SOLUSDT,ask,178,34853.0
2024-08-09 16:13:09,SOLUSDT,ask,178,34859.0
2024-08-09 16:13:11,SOLUSDT,ask,175,31696.0
2024-08-09 16:14:48,SOLUSDT,ask,176,28986.0
2024-08-09 16:39:09,SOLUSDT,ask,175,31694.0
2024-08-09 16:39:09,SOLUSDT,ask,176,28984.0
2024-08-09 16:39:09,SOLUSDT,ask,178,34857.0
2024-08-09 16:44:27,SOLUSDT,ask,175,30694.0
2024-08-09 16:48:47,SOLUSDT,ask,175,30691.0
2024-08-09 16:49:55,SOLUSDT,ask,175,30692.0
2024-08-09 16:52:45,SOLUSDT,ask,175,30691.0
2024-08-09 16:53:35,SOLUSDT,ask,175,30694.0
2024-08-09 16:54:38,SOLUSDT,ask,175,30696.0
2024-08-09 17:21:44,SOLUSDT,ask,175,30697.0
2024-08-09 17:27:41,SOLUSDT,ask,175,30696.0
2024-08-09 17:51:50,SOLUSDT,ask,175,30694.0
2024-08-09 17:53:35,SOLUSDT,ask,175,30693.0
2024-08-09 18:08:06,SOLUSDT,ask,175,30667.0
2024-08-09 18:49:15,SOLUSDT,ask,175,30671.0
2024-08-09 18:50:32,SOLUSDT,ask,175,30667.0
2024-08-09 18:54:43,SOLUSDT,ask,175,30666.0
2024-08-09 19:37:29,SOLUSDT,ask,175,30665.0
2024-08-09 19:38:17,SOLUSDT,ask,176,28982.0
2024-08-09 19:44:22,SOLUSDT,ask,175,30666.0
2024-08-09 19:48:46,SOLUSDT,ask,176,28984.0
2024-08-09 20:15:54,SOLUSDT,ask,178,34853.0
2024-08-09 20:31:27,SOLUSDT,ask,175,30357.0
2024-08-09 20:50:39,SOLUSDT,ask,175,30369.0
2024-08-09 20:51:22,SOLUSDT,ask,175,30374.0
2024-08-09 20:54:14,SOLUSDT,ask,175,31287.0
2024-08-09 21:01:31,SOLUSDT,ask,175,31276.0
2024-08-09 21:02:34,SOLUSDT,ask,175,31279.0
2024-08-09 21:03:05,SOLUSDT,ask,175,31299.0
2024-08-09 21:11:25,SOLUSDT,ask,176,28999.0
2024-08-09 21:17:31,SOLUSDT,ask,175,31318.0
2024-08-09 21:32:47,SOLUSDT,ask,175,31304.0
2024-08-09 21:36:50,SOLUSDT,bid,150,33340.0
2024-08-09 21:36:52,SOLUSDT,bid,150,33339.0
2024-08-09 21:37:17,SOLUSDT,bid,150,33336.0
2024-08-09 21:37:21,SOLUSDT,bid,150,33346.0
2024-08-09 21:37:23,SOLUSDT,bid,150,33347.0
2024-08-09 21:37:24,SOLUSDT,bid,150,33346.0
2024-08-09 21:37:25,SOLUSDT,bid,150,33348.0
2024-08-09 21:37:26,SOLUSDT,bid,150,33368.0
2024-08-09 21:37:27,SOLUSDT,bid,150,33376.0
2024-08-09 21:37:29,SOLUSDT,bid,150,33366.0
2024-08-09 21:37:53,SOLUSDT,bid,150,33565.0
2024-08-09 21:37:55,SOLUSDT,bid,150,33566.0
2024-08-09 21:37:58,SOLUSDT,bid,150,33539.0
2024-08-09 21:38:00,SOLUSDT,bid,150,33537.0
2024-08-09 21:38:00,SOLUSDT,bid,150,33540.0
2024-08-09 21:38:00,SOLUSDT,bid,150,33541.0
2024-08-09 21:38:13,SOLUSDT,bid,150,33547.0
2024-08-09 21:38:18,SOLUSDT,bid,150,33546.0
2024-08-09 21:38:27,SOLUSDT,bid,150,33548.0
2024-08-09 21:38:36,SOLUSDT,bid,150,33546.0
2024-08-09 21:38:37,SOLUSDT,bid,150,33547.0
2024-08-09 21:38:39,SOLUSDT,bid,150,33549.0
2024-08-09 21:38:50,SOLUSDT,bid,150,33544.0
2024-08-09 21:38:51,SOLUSDT,bid,150,33543.0
2024-08-09 21:38:58,SOLUSDT,bid,150,33542.0
2024-08-09 21:38:59,SOLUSDT,bid,150,33556.0
2024-08-09 21:39:08,SOLUSDT,bid,150,33557.0
2024-08-09 21:39:21,SOLUSDT,bid,150,33556.0
2024-08-09 21:39:24,SOLUSDT,bid,150,33538.0
2024-08-09 21:39:24,SOLUSDT,bid,150,33539.0
2024-08-09 21:39:38,SOLUSDT,bid,150,33552.0
2024-08-09 21:39:50,SOLUSDT,bid,150,33482.0
2024-08-09 21:39:56,SOLUSDT,bid,150,33475.0
2024-08-09 21:40:01,SOLUSDT,bid,150,33478.0
2024-08-09 21:40:03,SOLUSDT,bid,150,33482.0
2024-08-09 21:40:04,SOLUSDT,bid,150,33469.0
2024-08-09 21:40:07,SOLUSDT,bid,150,33602.0
2024-08-09 21:40:08,SOLUSDT,bid,150,33582.0
2024-08-09 21:40:08,SOLUSDT,bid,150,33562.0
2024-08-09 21:40:10,SOLUSDT,bid,150,33561.0
2024-08-09 21:40:11,SOLUSDT,bid,150,33557.0
2024-08-09 21:40:17,SOLUSDT,bid,150,33547.0
2024-08-09 21:40:17,SOLUSDT,bid,150,33548.0
2024-08-09 21:40:18,SOLUSDT,bid,150,33556.0
2024-08-09 21:40:20,SOLUSDT,bid,150,33583.0
2024-08-09 21:40:24,SOLUSDT,bid,150,33450.0
2024-08-09 21:40:31,SOLUSDT,bid,150,33453.0
2024-08-09 21:40:32,SOLUSDT,bid,150,33454.0
2024-08-09 21:40:38,SOLUSDT,bid,150,33453.0
2024-08-09 21:40:40,SOLUSDT,bid,150,33450.0
2024-08-09 21:40:56,SOLUSDT,bid,150,33447.0
2024-08-09 21:40:57,SOLUSDT,bid,150,33450.0
2024-08-09 21:41:15,SOLUSDT,bid,150,33443.0
2024-08-09 21:41:18,SOLUSDT,bid,150,33445.0
2024-08-09 21:41:20,SOLUSDT,bid,150,33392.0
2024-08-09 21:41:24,SOLUSDT,bid,150,33381.0
2024-08-09 21:41:37,SOLUSDT,bid,150,33382.0
2024-08-09 21:41:43,SOLUSDT,bid,74,67597.0
2024-08-09 21:42:01,SOLUSDT,bid,150,33412.0
2024-08-09 21:42:03,SOLUSDT,bid,150,33413.0
2024-08-09 21:42:21,SOLUSDT,bid,150,33516.0
2024-08-09 21:42:23,SOLUSDT,bid,150,33515.0
2024-08-09 21:42:27,SOLUSDT,bid,150,33516.0
2024-08-09 21:42:28,SOLUSDT,bid,150,33525.0
2024-08-09 21:42:36,SOLUSDT,bid,150,33529.0
2024-08-09 21:42:53,SOLUSDT,bid,150,33532.0
2024-08-09 21:42:53,SOLUSDT,bid,150,33569.0
2024-08-09 21:43:13,SOLUSDT,bid,150,33503.0
2024-08-09 21:43:26,SOLUSDT,bid,150,33512.0
2024-08-09 21:43:35,SOLUSDT,bid,150,33513.0
2024-08-09 21:43:36,SOLUSDT,bid,150,33512.0
2024-08-09 21:43:38,SOLUSDT,ask,175,31299.0
2024-08-09 21:43:44,SOLUSDT,bid,150,33510.0
2024-08-09 21:43:47,SOLUSDT,bid,150,33507.0
2024-08-09 21:43:48,SOLUSDT,bid,150,33510.0
2024-08-09 21:44:18,SOLUSDT,bid,150,33492.0
2024-08-09 21:44:32,SOLUSDT,bid,150,33487.0
2024-08-09 21:44:38,SOLUSDT,bid,150,33488.0
2024-08-09 21:44:53,SOLUSDT,bid,150,33495.0
2024-08-09 21:45:20,SOLUSDT,bid,150,33496.0
2024-08-09 21:45:20,SOLUSDT,bid,150,33498.0
2024-08-09 21:45:29,SOLUSDT,bid,150,33487.0
2024-08-09 21:45:31,SOLUSDT,bid,150,33500.0
2024-08-09 21:50:07,SOLUSDT,ask,175,31300.0
2024-08-09 21:51:53,SOLUSDT,bid,150,33781.0
2024-08-09 21:51:58,SOLUSDT,bid,150,33780.0
2024-08-09 21:51:58,SOLUSDT,ask,175,31299.0
2024-08-09 21:51:58,SOLUSDT,ask,176,28998.0
2024-08-09 21:51:58,SOLUSDT,ask,178,34853.0
2024-08-09 21:52:04,SOLUSDT,bid,150,33384.0
2024-08-09 21:53:26,SOLUSDT,ask,175,31337.0
2024-08-09 21:58:45,SOLUSDT,ask,175,31336.0
2024-08-09 21:58:45,SOLUSDT,ask,176,28997.0
2024-08-09 21:58:45,SOLUSDT,ask,178,34852.0
2024-08-09 22:02:32,SOLUSDT,ask,176,28998.0
2024-08-09 22:12:59,SOLUSDT,ask,175,31345.0
2024-08-09 22:21:43,SOLUSDT,ask,176,29000.0
2024-08-09 22:24:28,SOLUSDT,bid,150,33994.0
2024-08-09 22:24:37,SOLUSDT,bid,150,33984.0
2024-08-09 22:24:54,SOLUSDT,bid,150,33983.0
2024-08-09 22:26:13,SOLUSDT,bid,150,33987.0
2024-08-09 22:26:29,SOLUSDT,bid,150,33984.0
2024-08-09 22:26:38,SOLUSDT,bid,150,33992.0
2024-08-09 22:26:50,SOLUSDT,bid,150,33982.0
2024-08-09 22:26:51,SOLUSDT,bid,150,33974.0
2024-08-09 22:27:36,SOLUSDT,bid,150,33961.0
2024-08-09 22:27:41,SOLUSDT,bid,150,33971.0
2024-08-09 22:27:41,SOLUSDT,bid,150,33991.0
2024-08-09 22:27:45,SOLUSDT,bid,150,33990.0
2024-08-09 22:28:22,SOLUSDT,bid,150,33991.0
2024-08-09 22:28:31,SOLUSDT,bid,150,34019.0
2024-08-09 22:28:41,SOLUSDT,bid,150,33991.0
2024-08-09 22:28:48,SOLUSDT,bid,150,34019.0
2024-08-09 22:28:51,SOLUSDT,bid,150,34020.0
2024-08-09 22:29:04,SOLUSDT,bid,150,34046.0
2024-08-09 22:29:29,SOLUSDT,bid,150,34047.0
2024-08-09 22:29:32,SOLUSDT,bid,150,34048.0
2024-08-09 22:29:34,SOLUSDT,bid,150,34047.0
2024-08-09 22:30:14,SOLUSDT,bid,150,34049.0
2024-08-09 22:30:15,SOLUSDT,bid,150,34051.0
2024-08-09 22:30:16,SOLUSDT,bid,150,34067.0
2024-08-09 22:30:28,SOLUSDT,bid,150,34066.0
2024-08-09 22:30:48,SOLUSDT,bid,150,34065.0
2024-08-09 22:30:54,SOLUSDT,bid,150,34066.0
2024-08-09 22:30:59,SOLUSDT,bid,150,34063.0
2024-08-09 22:31:22,SOLUSDT,bid,150,34055.0
2024-08-09 22:31:22,SOLUSDT,ask,175,31336.0
2024-08-09 22:31:25,SOLUSDT,bid,150,34054.0
2024-08-09 22:31:36,SOLUSDT,bid,150,34055.0
2024-08-09 22:31:58,SOLUSDT,bid,150,34088.0
2024-08-09 22:32:00,SOLUSDT,bid,150,34095.0
2024-08-09 22:32:01,SOLUSDT,bid,150,34125.0
2024-08-09 22:32:19,SOLUSDT,bid,150,34141.0
2024-08-09 22:34:07,SOLUSDT,bid,150,34147.0
2024-08-09 22:34:21,SOLUSDT,bid,150,34148.0
2024-08-09 22:34:39,SOLUSDT,bid,150,34142.0
2024-08-09 22:34:48,SOLUSDT,bid,150,34147.0
2024-08-09 22:34:49,SOLUSDT,bid,150,34150.0
2024-08-09 22:35:11,SOLUSDT,bid,150,34160.0
2024-08-09 22:35:11,SOLUSDT,ask,175,31346.0
2024-08-09 22:35:11,SOLUSDT,ask,176,29010.0
2024-08-09 22:35:11,SOLUSDT,ask,178,34862.0
2024-08-09 22:35:47,SOLUSDT,bid,150,34163.0
2024-08-09 22:36:28,SOLUSDT,bid,150,34162.0
2024-08-09 22:36:34,SOLUSDT,bid,150,34149.0
2024-08-09 22:37:28,SOLUSDT,bid,150,34150.0
2024-08-09 22:37:56,SOLUSDT,bid,150,34167.0
2024-08-09 22:38:06,SOLUSDT,bid,150,34172.0
2024-08-09 22:38:17,SOLUSDT,bid,150,34173.0
2024-08-09 22:38:23,SOLUSDT,bid,150,34183.0
2024-08-09 22:38:25,SOLUSDT,bid,150,34208.0
2024-08-09 22:38:36,SOLUSDT,bid,150,34207.0
2024-08-09 22:38:41,SOLUSDT,bid,150,34390.0
2024-08-09 22:39:01,SOLUSDT,bid,150,34405.0
2024-08-09 22:39:11,SOLUSDT,bid,150,34431.0
2024-08-09 22:39:14,SOLUSDT,bid,150,34423.0
2024-08-09 22:39:14,SOLUSDT,bid,150,34397.0
2024-08-09 22:39:17,SOLUSDT,bid,150,34413.0
2024-08-09 22:39:18,SOLUSDT,bid,150,34414.0
2024-08-09 22:39:19,SOLUSDT,bid,150,34413.0
2024-08-09 22:39:19,SOLUSDT,bid,150,34412.0
2024-08-09 22:39:21,SOLUSDT,bid,150,34438.0
2024-08-09 22:39:29,SOLUSDT,bid,150,34423.0
2024-08-09 22:39:35,SOLUSDT,bid,150,34448.0
2024-08-09 22:39:43,SOLUSDT,bid,150,34012.0
2024-08-09 22:39:44,SOLUSDT,bid,150,34020.0
2024-08-09 22:40:05,SOLUSDT,bid,150,34003.0
2024-08-09 22:40:27,SOLUSDT,bid,150,34005.0
2024-08-09 22:40:32,SOLUSDT,bid,150,34008.0
2024-08-09 22:40:35,SOLUSDT,bid,150,33983.0
2024-08-09 22:40:37,SOLUSDT,bid,150,34183.0
2024-08-09 22:40:40,SOLUSDT,bid,150,34103.0
2024-08-09 22:41:04,SOLUSDT,bid,150,34053.0
2024-08-09 22:41:04,SOLUSDT,bid,150,34050.0
2024-08-09 22:41:16,SOLUSDT,bid,150,34127.0
2024-08-09 22:41:20,SOLUSDT,bid,150,34125.0
2024-08-09 22:41:34,SOLUSDT,bid,150,34123.0
2024-08-09 22:41:38,SOLUSDT,bid,150,34135.0
2024-08-09 22:41:42,SOLUSDT,bid,150,34058.0
2024-08-09 22:41:54,SOLUSDT,bid,150,34104.0
2024-08-09 22:42:15,SOLUSDT,bid,150,34105.0
2024-08-09 22:42:53,SOLUSDT,bid,150,34109.0
2024-08-09 22:43:05,SOLUSDT,bid,150,34111.0
2024-08-09 22:43:09,SOLUSDT,bid,150,34121.0
2024-08-09 22:43:17,SOLUSDT,bid,150,34123.0
2024-08-09 22:43:27,SOLUSDT,bid,150,34106.0
2024-08-09 22:43:49,SOLUSDT,bid,150,34070.0
2024-08-09 22:43:55,SOLUSDT,bid,150,34090.0
2024-08-09 22:43:58,SOLUSDT,bid,150,34091.0
2024-08-09 22:44:02,SOLUSDT,bid,150,34090.0
2024-08-09 22:44:03,SOLUSDT,bid,150,34081.0
2024-08-09 22:44:08,SOLUSDT,bid,150,34088.0
2024-08-09 22:44:12,SOLUSDT,bid,150,34094.0
2024-08-09 22:44:33,SOLUSDT,bid,150,34095.0
2024-08-09 22:44:46,SOLUSDT,bid,150,34094.0
2024-08-09 22:44:54,SOLUSDT,bid,150,34086.0
2024-08-09 22:44:55,SOLUSDT,bid,150,34084.0
2024-08-09 22:45:01,SOLUSDT,bid,150,34074.0
2024-08-09 22:45:07,SOLUSDT,bid,150,34138.0
2024-08-09 22:45:10,SOLUSDT,bid,150,34136.0
2024-08-09 22:45:20,SOLUSDT,bid,150,34135.0
2024-08-09 22:45:27,SOLUSDT,bid,150,34139.0
2024-08-09 22:45:33,SOLUSDT,bid,150,34142.0
2024-08-09 22:45:37,SOLUSDT,bid,150,34143.0
2024-08-09 22:45:55,SOLUSDT,bid,150,34135.0
2024-08-09 22:45:59,SOLUSDT,bid,150,34137.0
2024-08-09 22:46:09,SOLUSDT,bid,150,34190.0
2024-08-09 22:46:09,SOLUSDT,bid,150,34191.0
2024-08-09 22:46:19,SOLUSDT,bid,150,34184.0
2024-08-09 22:46:19,SOLUSDT,bid,150,34084.0
2024-08-09 22:46:22,SOLUSDT,bid,150,34086.0
2024-08-09 22:46:28,SOLUSDT,bid,150,34084.0
2024-08-09 22:46:30,SOLUSDT,bid,150,34068.0
2024-08-09 22:46:31,SOLUSDT,bid,150,34069.0
2024-08-09 22:46:46,SOLUSDT,bid,150,34036.0
2024-08-09 22:46:55,SOLUSDT,bid,150,34092.0
2024-08-09 22:47:03,SOLUSDT,bid,150,34091.0
2024-08-09 22:47:23,SOLUSDT,bid,150,34093.0
2024-08-09 22:47:37,SOLUSDT,bid,150,34092.0
2024-08-09 22:47:43,SOLUSDT,bid,150,34118.0
2024-08-09 22:47:44,SOLUSDT,bid,150,34144.0
2024-08-09 22:47:45,SOLUSDT,bid,150,34170.0
2024-08-09 22:47:46,SOLUSDT,bid,150,34092.0
2024-08-09 22:48:11,SOLUSDT,bid,150,34093.0
2024-08-09 22:48:28,SOLUSDT,bid,150,34094.0
2024-08-09 22:48:46,SOLUSDT,bid,150,34093.0
2024-08-09 22:48:47,SOLUSDT,bid,150,34095.0
2024-08-09 22:48:49,SOLUSDT,bid,150,34091.0
2024-08-09 22:49:10,SOLUSDT,bid,150,34092.0
2024-08-09 22:49:18,SOLUSDT,bid,150,34093.0
2024-08-09 22:49:47,SOLUSDT,bid,150,34092.0
2024-08-09 22:49:48,SOLUSDT,bid,150,34100.0
2024-08-09 22:51:18,SOLUSDT,bid,150,34101.0
2024-08-09 22:51:25,SOLUSDT,bid,150,34102.0
2024-08-09 22:51:28,SOLUSDT,bid,150,34108.0
2024-08-09 22:51:32,SOLUSDT,bid,150,34107.0
2024-08-09 22:51:35,SOLUSDT,bid,150,34101.0
2024-08-09 22:51:48,SOLUSDT,bid,150,34104.0
2024-08-09 22:51:55,SOLUSDT,bid,150,34114.0
2024-08-09 22:51:57,SOLUSDT,bid,150,34122.0
2024-08-09 22:51:59,SOLUSDT,bid,150,34092.0
2024-08-09 22:52:00,SOLUSDT,bid,150,34099.0
2024-08-09 22:52:00,SOLUSDT,bid,150,34098.0
2024-08-09 22:52:00,SOLUSDT,bid,150,34114.0
2024-08-09 22:52:08,SOLUSDT,bid,150,34124.0
2024-08-09 22:52:20,SOLUSDT,bid,150,34126.0
2024-08-09 22:52:22,SOLUSDT,bid,150,34127.0
2024-08-09 22:52:29,SOLUSDT,bid,150,34126.0
2024-08-09 22:52:32,SOLUSDT,bid,150,34326.0
2024-08-09 22:52:39,SOLUSDT,bid,150,34323.0
2024-08-09 22:52:41,SOLUSDT,bid,150,34322.0
2024-08-09 22:52:52,SOLUSDT,bid,150,34306.0
2024-08-09 22:52:56,SOLUSDT,bid,150,34307.0
2024-08-09 22:52:56,SOLUSDT,bid,150,34324.0
2024-08-09 22:53:02,SOLUSDT,bid,150,34325.0
2024-08-09 22:53:03,SOLUSDT,bid,150,34323.0
2024-08-09 22:53:05,SOLUSDT,bid,150,34324.0
2024-08-09 22:53:06,SOLUSDT,bid,150,34323.0
2024-08-09 22:53:08,SOLUSDT,bid,150,34324.0
2024-08-09 22:53:16,SOLUSDT,bid,150,34323.0
2024-08-09 22:53:17,SOLUSDT,bid,150,34324.0
2024-08-09 22:53:17,SOLUSDT,bid,150,34327.0
2024-08-09 22:53:21,SOLUSDT,bid,150,34340.0
2024-08-09 22:53:22,SOLUSDT,bid,150,34343.0
2024-08-09 22:53:24,SOLUSDT,bid,150,34217.0
2024-08-09 22:53:27,SOLUSDT,bid,150,34213.0
2024-08-09 22:53:32,SOLUSDT,bid,150,34215.0
2024-08-09 22:53:41,SOLUSDT,bid,150,34207.0
2024-08-09 22:53:44,SOLUSDT,bid,150,34208.0
2024-08-09 22:53:50,SOLUSDT,bid,150,34205.0
2024-08-09 22:53:55,SOLUSDT,bid,150,34207.0
2024-08-09 22:54:14,SOLUSDT,bid,150,34206.0
2024-08-09 22:54:14,SOLUSDT,bid,150,34186.0
2024-08-09 22:54:31,SOLUSDT,bid,150,34188.0
2024-08-09 22:54:42,SOLUSDT,bid,150,34189.0
2024-08-09 22:54:59,SOLUSDT,bid,150,34190.0
2024-08-09 22:55:02,SOLUSDT,bid,150,34170.0
2024-08-09 22:55:11,SOLUSDT,bid,150,34167.0
2024-08-09 22:55:13,SOLUSDT,bid,150,34142.0
2024-08-09 22:55:25,SOLUSDT,bid,150,34141.0
2024-08-09 22:55:34,SOLUSDT,bid,150,34145.0
2024-08-09 22:55:44,SOLUSDT,bid,150,34154.0
2024-08-09 22:55:48,SOLUSDT,ask,175,31316.0
2024-08-09 22:55:56,SOLUSDT,bid,150,34155.0
2024-08-09 22:56:05,SOLUSDT,bid,150,34171.0
2024-08-09 22:56:12,SOLUSDT,bid,150,34170.0
2024-08-09 22:56:14,SOLUSDT,bid,150,34164.0
2024-08-09 22:56:30,SOLUSDT,bid,150,34148.0
2024-08-09 22:56:43,SOLUSDT,bid,150,34161.0
2024-08-09 22:56:43,SOLUSDT,bid,150,34163.0
2024-08-09 22:56:48,SOLUSDT,bid,150,34164.0
2024-08-09 22:56:54,SOLUSDT,bid,150,34162.0
2024-08-09 22:57:00,SOLUSDT,bid,150,34168.0
2024-08-09 22:57:03,SOLUSDT,bid,150,34166.0
2024-08-09 22:57:07,SOLUSDT,ask,175,31366.0
2024-08-09 22:57:31,SOLUSDT,bid,150,34168.0
2024-08-09 22:57:32,SOLUSDT,bid,150,34194.0
2024-08-09 22:57:34,SOLUSDT,bid,150,34186.0
2024-08-09 22:57:39,SOLUSDT,bid,150,34185.0
2024-08-09 22:57:49,SOLUSDT,bid,150,34191.0
2024-08-09 22:57:51,SOLUSDT,bid,150,34204.0
2024-08-09 22:58:00,SOLUSDT,bid,150,34208.0
2024-08-09 22:58:10,SOLUSDT,bid,150,34214.0
2024-08-09 22:58:11,SOLUSDT,bid,150,34220.0
2024-08-09 22:58:11,SOLUSDT,bid,150,34214.0
2024-08-09 22:58:14,SOLUSDT,bid,150,34150.0
2024-08-09 22:58:22,SOLUSDT,bid,150,34160.0
2024-08-09 22:58:34,SOLUSDT,bid,150,34165.0
2024-08-09 22:58:40,SOLUSDT,bid,150,34167.0
2024-08-09 22:58:50,SOLUSDT,bid,150,34157.0
2024-08-09 22:59:06,SOLUSDT,bid,150,34156.0
2024-08-09 22:59:07,SOLUSDT,bid,150,34154.0
2024-08-09 22:59:34,SOLUSDT,bid,150,34164.0
2024-08-09 22:59:42,SOLUSDT,bid,150,34163.0
2024-08-09 22:59:52,SOLUSDT,bid,150,34164.0
2024-08-09 22:59:54,SOLUSDT,bid,150,34168.0
2024-08-09 22:59:58,SOLUSDT,bid,150,34174.0
2024-08-09 23:00:00,SOLUSDT,bid,150,34134.0
2024-08-09 23:00:00,SOLUSDT,bid,150,35350.0
2024-08-09 23:00:31,SOLUSDT,bid,150,35353.0
2024-08-09 23:00:37,SOLUSDT,bid,150,35366.0
2024-08-09 23:00:45,SOLUSDT,bid,150,35365.0
2024-08-09 23:00:54,SOLUSDT,bid,150,35360.0
2024-08-09 23:00:54,SOLUSDT,bid,150,35359.0
2024-08-09 23:01:10,SOLUSDT,bid,150,35353.0
2024-08-09 23:01:11,SOLUSDT,bid,150,35356.0
2024-08-09 23:01:21,SOLUSDT,bid,150,34768.0
2024-08-09 23:01:22,SOLUSDT,bid,150,34767.0
2024-08-09 23:01:30,SOLUSDT,bid,150,34769.0
2024-08-09 23:01:44,SOLUSDT,bid,150,34767.0
2024-08-09 23:01:44,SOLUSDT,bid,150,34770.0
2024-08-09 23:01:51,SOLUSDT,bid,150,34766.0
2024-08-09 23:02:00,SOLUSDT,bid,150,34763.0
2024-08-09 23:02:01,SOLUSDT,bid,150,34761.0
2024-08-09 23:02:11,SOLUSDT,bid,150,34763.0
2024-08-09 23:02:22,SOLUSDT,bid,150,34761.0
2024-08-09 23:02:27,SOLUSDT,bid,150,35506.0
2024-08-09 23:02:29,SOLUSDT,bid,150,35532.0
2024-08-09 23:02:35,SOLUSDT,bid,150,35536.0
2024-08-09 23:02:42,SOLUSDT,bid,150,34791.0
2024-08-09 23:02:46,SOLUSDT,bid,150,34781.0
2024-08-09 23:03:13,SOLUSDT,bid,150,34789.0
2024-08-09 23:03:15,SOLUSDT,bid,150,34711.0
2024-08-09 23:03:34,SOLUSDT,bid,150,34679.0
2024-08-09 23:03:37,SOLUSDT,bid,150,34675.0
2024-08-09 23:03:43,SOLUSDT,bid,150,34708.0
2024-08-09 23:04:04,SOLUSDT,bid,150,33492.0
2024-08-09 23:04:14,SOLUSDT,bid,150,33489.0
2024-08-09 23:04:15,SOLUSDT,bid,150,33498.0
2024-08-09 23:04:18,SOLUSDT,bid,150,33485.0
2024-08-09 23:04:25,SOLUSDT,bid,150,33484.0
2024-08-09 23:04:30,SOLUSDT,bid,150,33468.0
2024-08-09 23:04:34,SOLUSDT,bid,150,33458.0
2024-08-09 23:04:42,SOLUSDT,bid,150,33451.0
2024-08-09 23:04:43,SOLUSDT,bid,150,33649.0
2024-08-09 23:04:48,SOLUSDT,bid,150,33650.0
2024-08-09 23:04:49,SOLUSDT,bid,150,33452.0
2024-08-09 23:04:49,SOLUSDT,bid,150,33406.0
2024-08-09 23:04:50,SOLUSDT,bid,150,33413.0
2024-08-09 23:04:52,SOLUSDT,bid,150,33419.0
2024-08-09 23:04:57,SOLUSDT,bid,150,33413.0
2024-08-09 23:04:59,SOLUSDT,bid,150,33412.0
2024-08-09 23:05:09,SOLUSDT,bid,150,33417.0
2024-08-09 23:05:10,SOLUSDT,bid,150,33485.0
2024-08-09 23:05:12,SOLUSDT,bid,150,33486.0
2024-08-09 23:05:19,SOLUSDT,bid,150,33487.0
2024-08-09 23:05:22,SOLUSDT,bid,150,33492.0
2024-08-09 23:05:28,SOLUSDT,bid,150,33494.0
2024-08-09 23:05:31,SOLUSDT,bid,150,33501.0
2024-08-09 23:05:32,SOLUSDT,bid,150,33504.0
2024-08-09 23:05:32,SOLUSDT,bid,150,33506.0
2024-08-09 23:05:40,SOLUSDT,bid,150,33508.0
2024-08-09 23:05:49,SOLUSDT,bid,150,33495.0
2024-08-09 23:05:55,SOLUSDT,bid,150,33558.0
2024-08-09 23:06:03,SOLUSDT,bid,150,33556.0
2024-08-09 23:06:23,SOLUSDT,bid,150,33510.0
2024-08-09 23:06:24,SOLUSDT,bid,150,33488.0
2024-08-09 23:06:46,SOLUSDT,bid,150,33486.0
2024-08-09 23:06:57,SOLUSDT,bid,150,33487.0
2024-08-09 23:07:51,SOLUSDT,bid,150,33484.0
2024-08-09 23:07:52,SOLUSDT,bid,150,33474.0
2024-08-09 23:07:56,SOLUSDT,bid,150,33475.0
2024-08-09 23:08:26,SOLUSDT,bid,150,33478.0
2024-08-09 23:08:54,SOLUSDT,bid,150,33472.0
2024-08-09 23:09:25,SOLUSDT,bid,150,33528.0
2024-08-09 23:09:28,SOLUSDT,bid,150,33533.0
2024-08-09 23:09:43,SOLUSDT,ask,176,29009.0
2024-08-09 23:09:58,SOLUSDT,bid,150,33530.0
2024-08-09 23:10:15,SOLUSDT,bid,150,33533.0
2024-08-09 23:10:23,SOLUSDT,bid,150,33536.0
2024-08-09 23:10:30,SOLUSDT,bid,150,33541.0
2024-08-09 23:10:34,SOLUSDT,bid,150,33607.0
2024-08-09 23:10:42,SOLUSDT,bid,150,33533.0
2024-08-09 23:10:52,SOLUSDT,bid,150,33532.0
2024-08-09 23:10:58,SOLUSDT,bid,150,33466.0
2024-08-09 23:11:11,SOLUSDT,bid,150,33470.0
2024-08-09 23:11:36,SOLUSDT,bid,150,33477.0
2024-08-09 23:11:39,SOLUSDT,bid,150,33479.0
2024-08-09 23:11:40,SOLUSDT,bid,150,33474.0
2024-08-09 23:11:40,SOLUSDT,bid,150,33471.0
2024-08-09 23:11:48,SOLUSDT,bid,150,33480.0
2024-08-09 23:11:52,SOLUSDT,ask,175,31365.0
2024-08-09 23:11:56,SOLUSDT,bid,150,33471.0
2024-08-09 23:12:29,SOLUSDT,bid,150,33477.0
2024-08-09 23:12:30,SOLUSDT,bid,150,33490.0
2024-08-09 23:12:38,SOLUSDT,bid,150,33489.0
2024-08-09 23:12:38,SOLUSDT,bid,150,33488.0
2024-08-09 23:12:49,SOLUSDT,bid,150,33486.0
2024-08-09 23:13:05,SOLUSDT,bid,150,33456.0
2024-08-09 23:13:19,SOLUSDT,bid,150,33522.0
2024-08-09 23:13:23,SOLUSDT,bid,150,33516.0
2024-08-09 23:14:09,SOLUSDT,bid,150,33582.0
2024-08-09 23:14:36,SOLUSDT,bid,150,33575.0
2024-08-09 23:14:54,SOLUSDT,bid,150,33568.0
2024-08-09 23:15:09,SOLUSDT,bid,150,33502.0
2024-08-09 23:15:13,SOLUSDT,ask,178,34867.0
2024-08-09 23:15:17,SOLUSDT,bid,150,33504.0
2024-08-09 23:15:31,SOLUSDT,bid,150,33522.0
2024-08-09 23:15:35,SOLUSDT,bid,150,33704.0
2024-08-09 23:15:55,SOLUSDT,bid,150,33522.0
2024-08-09 23:16:16,SOLUSDT,bid,150,33521.0
2024-08-09 23:16:30,SOLUSDT,bid,150,33519.0
2024-08-09 23:16:57,SOLUSDT,bid,150,33501.0
2024-08-09 23:17:06,SOLUSDT,bid,150,33493.0
2024-08-09 23:18:03,SOLUSDT,bid,150,33492.0
2024-08-09 23:18:28,SOLUSDT,bid,150,33494.0
2024-08-09 23:19:28,SOLUSDT,bid,150,33493.0
2024-08-09 23:19:44,SOLUSDT,bid,150,33593.0
2024-08-09 23:20:15,SOLUSDT,bid,150,33586.0
2024-08-09 23:20:21,SOLUSDT,bid,150,33676.0
2024-08-09 23:20:44,SOLUSDT,bid,150,33678.0
2024-08-09 23:21:06,SOLUSDT,bid,150,33710.0
2024-08-09 23:21:19,SOLUSDT,bid,150,33709.0
2024-08-09 23:21:38,SOLUSDT,bid,150,33696.0
2024-08-09 23:21:49,SOLUSDT,bid,150,33697.0
2024-08-09 23:21:51,SOLUSDT,bid,150,33704.0
2024-08-09 23:21:54,SOLUSDT,bid,150,33705.0
2024-08-09 23:22:02,SOLUSDT,bid,150,33704.0
2024-08-09 23:22:10,SOLUSDT,bid,150,33711.0
2024-08-09 23:22:46,SOLUSDT,bid,150,33645.0
2024-08-09 23:22:53,SOLUSDT,bid,150,33646.0
2024-08-09 23:22:55,SOLUSDT,bid,150,33614.0
2024-08-09 23:23:07,SOLUSDT,bid,150,33595.0
2024-08-09 23:23:12,SOLUSDT,bid,150,33596.0
2024-08-09 23:23:35,SOLUSDT,bid,150,33595.0
2024-08-09 23:23:35,SOLUSDT,ask,175,31364.0
2024-08-09 23:23:42,SOLUSDT,bid,150,33593.0
2024-08-09 23:23:55,SOLUSDT,bid,150,33599.0
2024-08-09 23:24:15,SOLUSDT,bid,150,33595.0
2024-08-09 23:24:44,SOLUSDT,bid,150,33587.0
2024-08-09 23:25:11,SOLUSDT,bid,150,33581.0
2024-08-09 23:25:12,SOLUSDT,bid,150,33612.0
2024-08-09 23:25:21,SOLUSDT,bid,150,33613.0
2024-08-09 23:25:25,SOLUSDT,bid,150,33615.0
2024-08-09 23:25:36,SOLUSDT,bid,150,33620.0
2024-08-09 23:25:39,SOLUSDT,ask,175,31366.0
2024-08-09 23:25:42,SOLUSDT,bid,150,33619.0
2024-08-09 23:25:46,SOLUSDT,bid,150,33627.0
2024-08-09 23:26:11,SOLUSDT,bid,150,33619.0
2024-08-09 23:26:40,SOLUSDT,bid,150,33628.0
2024-08-09 23:26:47,SOLUSDT,bid,150,33634.0
2024-08-09 23:26:53,SOLUSDT,bid,150,33632.0
2024-08-09 23:26:54,SOLUSDT,bid,150,33628.0
2024-08-09 23:26:57,SOLUSDT,bid,150,33661.0
2024-08-09 23:27:00,SOLUSDT,bid,150,33665.0
2024-08-09 23:27:57,SOLUSDT,bid,150,33664.0
2024-08-09 23:28:00,SOLUSDT,bid,150,33662.0
2024-08-09 23:28:22,SOLUSDT,bid,150,33688.0
2024-08-09 23:29:27,SOLUSDT,bid,150,33689.0
2024-08-09 23:29:33,SOLUSDT,bid,150,33656.0
2024-08-09 23:29:36,SOLUSDT,bid,150,33646.0
2024-08-09 23:29:42,SOLUSDT,bid,150,33645.0
2024-08-09 23:29:52,SOLUSDT,bid,150,33644.0
2024-08-09 23:29:54,SOLUSDT,bid,150,33669.0
2024-08-09 23:30:51,SOLUSDT,bid,150,33665.0
2024-08-09 23:30:52,SOLUSDT,bid,150,33666.0
2024-08-09 23:31:49,SOLUSDT,bid,150,33660.0
2024-08-09 23:32:09,SOLUSDT,bid,150,33661.0
2024-08-09 23:32:16,SOLUSDT,bid,150,33663.0
2024-08-09 23:32:18,SOLUSDT,bid,150,33662.0
2024-08-09 23:32:27,SOLUSDT,bid,150,33611.0
2024-08-09 23:32:37,SOLUSDT,bid,150,33612.0
2024-08-09 23:32:48,SOLUSDT,bid,150,33613.0
2024-08-09 23:32:50,SOLUSDT,bid,150,33657.0
2024-08-09 23:32:51,SOLUSDT,bid,150,33692.0
2024-08-09 23:32:54,SOLUSDT,bid,150,33688.0
2024-08-09 23:32:58,SOLUSDT,bid,150,33707.0
2024-08-09 23:33:28,SOLUSDT,bid,150,33705.0
2024-08-09 23:33:47,SOLUSDT,bid,150,33706.0
2024-08-09 23:34:04,SOLUSDT,bid,150,33839.0
2024-08-09 23:34:06,SOLUSDT,bid,150,33706.0
2024-08-09 23:34:08,SOLUSDT,bid,150,33707.0
2024-08-09 23:34:15,SOLUSDT,bid,150,33708.0
2024-08-09 23:34:26,SOLUSDT,bid,150,33707.0
2024-08-09 23:34:30,SOLUSDT,bid,150,33757.0
2024-08-09 23:34:34,SOLUSDT,bid,150,33740.0
2024-08-09 23:34:37,SOLUSDT,bid,150,33873.0
2024-08-09 23:34:40,SOLUSDT,bid,150,33740.0
2024-08-09 23:34:41,SOLUSDT,bid,150,33741.0
2024-08-09 23:34:44,SOLUSDT,bid,150,33807.0
2024-08-09 23:34:44,SOLUSDT,bid,150,33811.0
2024-08-09 23:35:23,SOLUSDT,bid,150,33792.0
2024-08-09 23:35:36,SOLUSDT,bid,150,33757.0
2024-08-09 23:35:43,SOLUSDT,bid,150,33753.0
2024-08-09 23:35:45,SOLUSDT,bid,150,33754.0
2024-08-09 23:35:46,SOLUSDT,bid,150,33774.0
2024-08-09 23:36:13,SOLUSDT,bid,150,33754.0
2024-08-09 23:36:17,SOLUSDT,bid,150,33767.0
2024-08-09 23:36:21,SOLUSDT,bid,150,33768.0
2024-08-09 23:36:21,SOLUSDT,bid,150,33761.0
2024-08-09 23:36:24,SOLUSDT,bid,150,33773.0
2024-08-09 23:36:28,SOLUSDT,bid,150,33779.0
2024-08-09 23:36:32,SOLUSDT,bid,150,33777.0
2024-08-09 23:36:53,SOLUSDT,bid,150,33775.0
2024-08-09 23:36:57,SOLUSDT,bid,150,33767.0
2024-08-09 23:36:59,SOLUSDT,bid,150,33736.0
2024-08-09 23:37:00,SOLUSDT,bid,150,33749.0
2024-08-09 23:37:39,SOLUSDT,bid,150,33750.0
2024-08-09 23:37:48,SOLUSDT,bid,150,33758.0
2024-08-09 23:37:49,SOLUSDT,bid,150,33759.0
2024-08-09 23:39:04,SOLUSDT,bid,150,33763.0
2024-08-09 23:39:21,SOLUSDT,bid,150,33759.0
2024-08-09 23:39:32,SOLUSDT,bid,150,33758.0
2024-08-09 23:39:37,SOLUSDT,bid,150,33760.0
2024-08-09 23:39:58,SOLUSDT,bid,150,33761.0
2024-08-09 23:40:05,SOLUSDT,bid,150,33748.0
2024-08-09 23:40:45,SOLUSDT,bid,150,33749.0
2024-08-09 23:41:06,SOLUSDT,bid,150,33759.0
2024-08-09 23:41:07,SOLUSDT,bid,150,33761.0
2024-08-09 23:41:08,SOLUSDT,bid,150,33760.0
2024-08-09 23:41:10,SOLUSDT,bid,150,33759.0
2024-08-09 23:41:14,SOLUSDT,bid,150,33756.0
2024-08-09 23:41:30,SOLUSDT,bid,150,33758.0
2024-08-09 23:42:11,SOLUSDT,bid,150,33757.0
2024-08-09 23:42:15,SOLUSDT,bid,150,33751.0
2024-08-09 23:42:50,SOLUSDT,bid,150,33743.0
2024-08-09 23:43:04,SOLUSDT,bid,150,33717.0
2024-08-09 23:43:11,SOLUSDT,bid,150,33715.0
2024-08-09 23:43:13,SOLUSDT,bid,150,33714.0
2024-08-09 23:43:22,SOLUSDT,bid,150,33724.0
2024-08-09 23:43:42,SOLUSDT,bid,150,33725.0
2024-08-09 23:43:55,SOLUSDT,bid,150,33726.0
2024-08-09 23:43:59,SOLUSDT,bid,150,33729.0
2024-08-09 23:44:27,SOLUSDT,bid,150,33730.0
2024-08-09 23:44:42,SOLUSDT,bid,150,33729.0
2024-08-09 23:45:07,SOLUSDT,ask,176,29026.0
2024-08-09 23:45:25,SOLUSDT,bid,150,33702.0
2024-08-09 23:46:01,SOLUSDT,bid,150,33700.0
2024-08-09 23:46:10,SOLUSDT,bid,150,33684.0
2024-08-09 23:46:13,SOLUSDT,bid,150,34013.0
