2024-08-05 11:38:56,ETHUSDT,ask,2440,4154.109
2024-08-05 11:38:59,ETHUSDT,ask,2400,4625.551
2024-08-05 11:39:06,ETHUSDT,ask,2400,4619.306
2024-08-05 11:39:13,ETHUSDT,bid,2260,7944.529
2024-08-05 11:39:26,ETHUSDT,ask,2400,4569.346
2024-08-05 11:39:47,ETHUSDT,ask,2400,4569.323
2024-08-05 11:39:53,ETHUSDT,ask,2390,4294.562
2024-08-05 11:40:13,ETHUSDT,bid,2260,7931.587
2024-08-05 11:40:14,ETHUSDT,ask,2400,4570.637
2024-08-05 11:40:14,ETHUSDT,ask,2440,4154.179
2024-08-05 11:41:12,ETHUSDT,bid,2270,7915.904
2024-08-05 11:41:13,ETHUSDT,ask,2450,4500.686
2024-08-05 11:41:16,ETHUSDT,ask,2400,4571.32
2024-08-05 11:41:16,ETHUSDT,ask,2440,4154.218
2024-08-05 11:41:22,ETHUSDT,ask,2400,4562.987
2024-08-05 11:41:54,ETHUSDT,ask,2400,4561.853
2024-08-05 11:41:57,ETHUSDT,ask,2400,4561.753
2024-08-05 11:42:11,ETHUSDT,bid,2270,7910.106
2024-08-05 11:42:21,ETHUSDT,ask,2550,4703.119
2024-08-05 11:43:11,ETHUSDT,bid,2280,7892.279
2024-08-05 11:43:11,ETHUSDT,bid,2280,7892.314
2024-08-05 11:43:11,ETHUSDT,bid,2280,7892.279
2024-08-05 11:43:16,ETHUSDT,ask,2580,3871.528
2024-08-05 11:43:27,ETHUSDT,ask,2390,4294.562
2024-08-05 11:43:27,ETHUSDT,ask,2400,4568.997
2024-08-05 11:43:41,ETHUSDT,ask,2460,4052.862
2024-08-05 11:44:10,ETHUSDT,bid,2270,7896.38
2024-08-05 11:44:14,ETHUSDT,ask,2450,4498.563
2024-08-05 11:44:18,ETHUSDT,ask,2400,4569.071
2024-08-05 11:44:51,ETHUSDT,ask,2400,4591.875
2024-08-05 11:44:57,ETHUSDT,ask,2440,4154.218
2024-08-05 11:44:57,ETHUSDT,ask,2440,4154.59
2024-08-05 11:44:57,ETHUSDT,ask,2440,4154.568
2024-08-05 11:44:57,ETHUSDT,ask,2440,4154.263
2024-08-05 11:44:57,ETHUSDT,ask,2440,4154.549
2024-08-05 11:44:57,ETHUSDT,ask,2440,4154.281
2024-08-05 11:44:57,ETHUSDT,ask,2440,4154.218
2024-08-05 11:45:09,ETHUSDT,bid,2270,7896.399
2024-08-05 11:45:19,ETHUSDT,ask,2390,4296.162
2024-08-05 11:45:43,ETHUSDT,ask,2440,4154.687
2024-08-05 11:45:43,ETHUSDT,ask,2440,4154.687
2024-08-05 11:45:45,ETHUSDT,ask,2400,4591.812
2024-08-05 11:45:48,ETHUSDT,ask,2580,3870.012
2024-08-05 11:46:08,ETHUSDT,bid,2270,7899.448
2024-08-05 11:46:18,ETHUSDT,ask,2400,4745.098
2024-08-05 11:46:20,ETHUSDT,ask,2460,4061.406
2024-08-05 11:46:56,ETHUSDT,ask,2390,4294.676
2024-08-05 11:47:07,ETHUSDT,bid,2280,7886.849
2024-08-05 11:47:10,ETHUSDT,ask,2400,4745.498
2024-08-05 11:47:46,ETHUSDT,ask,2580,3870.001
2024-08-05 11:47:48,ETHUSDT,ask,2400,4746.346
2024-08-05 11:47:49,ETHUSDT,ask,2400,4746.096
2024-08-05 11:48:03,ETHUSDT,ask,2400,4746.241
2024-08-05 11:48:07,ETHUSDT,bid,2270,7902.431
2024-08-05 11:48:07,ETHUSDT,bid,1800,10690.897
2024-08-05 11:48:23,ETHUSDT,bid,1750,10370.52
2024-08-05 11:48:41,ETHUSDT,ask,2400,4746.619
2024-08-05 11:48:41,ETHUSDT,ask,2400,4746.041
2024-08-05 11:48:43,ETHUSDT,ask,2390,4294.662
2024-08-05 11:48:46,ETHUSDT,ask,2400,4746.457
2024-08-05 11:49:06,ETHUSDT,bid,2270,7900.697
2024-08-05 11:49:47,ETHUSDT,ask,2400,4746.957
2024-08-05 11:49:47,ETHUSDT,ask,2440,4154.681
2024-08-05 11:49:47,ETHUSDT,ask,2450,4498.776
2024-08-05 11:49:51,ETHUSDT,ask,2460,4061.396
2024-08-05 11:50:05,ETHUSDT,bid,2270,7921.314
2024-08-05 11:50:07,ETHUSDT,ask,2400,4747.005
2024-08-05 11:50:14,ETHUSDT,ask,2400,4746.945
2024-08-05 11:51:00,ETHUSDT,ask,2450,4501.919
2024-08-05 11:51:05,ETHUSDT,bid,2270,7914.393
2024-08-05 11:51:37,ETHUSDT,bid,1800,10691.297
2024-08-05 11:51:47,ETHUSDT,ask,2390,4294.712
2024-08-05 11:51:47,ETHUSDT,ask,2400,4746.895
2024-08-05 11:51:56,ETHUSDT,ask,2390,4294.703
2024-08-05 11:51:56,ETHUSDT,ask,2400,4746.886
2024-08-05 11:52:04,ETHUSDT,bid,1800,10690.897
2024-08-05 11:52:04,ETHUSDT,bid,2270,7914.959
2024-08-05 11:53:03,ETHUSDT,bid,2270,7916.457
2024-08-05 11:53:10,ETHUSDT,bid,2270,7916.367
2024-08-05 11:53:21,ETHUSDT,bid,1800,10690.917
2024-08-05 11:53:29,ETHUSDT,ask,2450,4497.895
2024-08-05 11:53:47,ETHUSDT,bid,1800,10690.901
2024-08-05 11:54:03,ETHUSDT,bid,2260,7933.184
2024-08-05 11:54:26,ETHUSDT,bid,1800,10691.283
2024-08-05 11:54:34,ETHUSDT,bid,1750,10401.844
2024-08-05 11:55:02,ETHUSDT,bid,2260,7936.752
2024-08-05 11:55:09,ETHUSDT,ask,2390,4295.119
2024-08-05 11:55:12,ETHUSDT,bid,1800,10691.671
2024-08-05 11:55:13,ETHUSDT,bid,1800,10691.629
2024-08-05 11:55:18,ETHUSDT,bid,1800,10691.247
2024-08-05 11:55:33,ETHUSDT,bid,1800,10694.58
2024-08-05 11:55:42,ETHUSDT,bid,1800,10690.068
2024-08-05 11:55:55,ETHUSDT,ask,2400,4754.639
2024-08-05 11:55:57,ETHUSDT,ask,2440,4152.315
2024-08-05 11:55:59,ETHUSDT,ask,2440,4152.317
2024-08-05 11:55:59,ETHUSDT,bid,1800,10691.068
2024-08-05 11:56:01,ETHUSDT,bid,1750,10407.697
2024-08-05 11:56:01,ETHUSDT,bid,2260,7941.655
2024-08-05 11:56:03,ETHUSDT,ask,2400,4754.529
2024-08-05 11:56:05,ETHUSDT,bid,1800,10707.734
2024-08-05 11:56:05,ETHUSDT,ask,2450,4497.957
2024-08-05 11:56:54,ETHUSDT,ask,2400,4751.821
2024-08-05 11:56:57,ETHUSDT,ask,2450,4486.977
2024-08-05 11:57:00,ETHUSDT,bid,2270,7928.607
2024-08-05 11:57:10,ETHUSDT,bid,1800,10708.289
2024-08-05 11:57:11,ETHUSDT,bid,1800,10709.289
2024-08-05 11:57:23,ETHUSDT,bid,1800,10730.61
2024-08-05 11:58:00,ETHUSDT,bid,2270,7925.808
2024-08-05 11:58:00,ETHUSDT,bid,2270,7925.844
2024-08-05 11:58:01,ETHUSDT,bid,1800,10709.289
2024-08-05 11:58:11,ETHUSDT,bid,2270,7925.808
2024-08-05 11:58:15,ETHUSDT,ask,2440,4151.664
2024-08-05 11:58:54,ETHUSDT,bid,1800,10708.734
2024-08-05 11:58:57,ETHUSDT,bid,1800,10706.734
2024-08-05 11:58:59,ETHUSDT,bid,2260,7931.227
2024-08-05 11:59:39,ETHUSDT,ask,2680,3730.609
2024-08-05 11:59:41,ETHUSDT,ask,2680,3730.689
2024-08-05 11:59:44,ETHUSDT,ask,2680,3730.529
2024-08-05 11:59:46,ETHUSDT,bid,1750,10401.844
2024-08-05 11:59:58,ETHUSDT,bid,2260,7945.977
2024-08-05 12:00:15,ETHUSDT,bid,1960,5169.957
2024-08-05 12:00:55,ETHUSDT,ask,2440,4153.762
2024-08-05 12:00:57,ETHUSDT,bid,2260,7948.201
2024-08-05 12:01:00,ETHUSDT,bid,1800,10706.845
2024-08-05 12:01:18,ETHUSDT,bid,1800,10706.828
2024-08-05 12:01:20,ETHUSDT,ask,2390,4314.424
2024-08-05 12:01:32,ETHUSDT,bid,2260,7957.032
2024-08-05 12:01:57,ETHUSDT,bid,2250,7985.413
2024-08-05 12:02:10,ETHUSDT,bid,1960,5170.008
2024-08-05 12:02:20,ETHUSDT,ask,2390,4309.529
2024-08-05 12:02:56,ETHUSDT,bid,2240,8026.29
2024-08-05 12:02:57,ETHUSDT,bid,2240,8026.325
2024-08-05 12:02:57,ETHUSDT,bid,2240,8026.29
2024-08-05 12:03:27,ETHUSDT,bid,1800,10706.862
2024-08-05 12:03:34,ETHUSDT,bid,1750,10396.13
2024-08-05 12:03:44,ETHUSDT,bid,1800,10701.307
2024-08-05 12:03:55,ETHUSDT,bid,2240,8035.319
2024-08-05 12:04:10,ETHUSDT,bid,1800,10700.764
2024-08-05 12:04:45,ETHUSDT,bid,1800,10700.779
2024-08-05 12:04:47,ETHUSDT,bid,1800,10700.829
2024-08-05 12:04:53,ETHUSDT,ask,2390,4304.529
2024-08-05 12:04:55,ETHUSDT,bid,2230,8067.887
2024-08-05 12:05:35,ETHUSDT,bid,1800,10700.884
2024-08-05 12:05:49,ETHUSDT,bid,1800,10700.772
2024-08-05 12:05:54,ETHUSDT,bid,2240,8032.824
2024-08-05 12:05:59,ETHUSDT,ask,2450,4485.825
2024-08-05 12:06:12,ETHUSDT,bid,1800,10700.784
2024-08-05 12:06:12,ETHUSDT,bid,1950,5144.952
2024-08-05 12:06:44,ETHUSDT,bid,1800,10700.893
2024-08-05 12:06:47,ETHUSDT,ask,2390,4369.327
2024-08-05 12:06:47,ETHUSDT,ask,2400,4584.537
2024-08-05 12:06:50,ETHUSDT,bid,1800,10700.843
2024-08-05 12:06:53,ETHUSDT,bid,2230,8052.934
2024-08-05 12:06:54,ETHUSDT,ask,2400,4584.564
2024-08-05 12:06:55,ETHUSDT,bid,1800,10701.625
2024-08-05 12:07:33,ETHUSDT,bid,1800,10701.661
2024-08-05 12:07:36,ETHUSDT,bid,1750,10394.131
2024-08-05 12:07:38,ETHUSDT,bid,1800,10702.551
2024-08-05 12:07:42,ETHUSDT,bid,1800,10702.623
2024-08-05 12:07:43,ETHUSDT,ask,2390,4369.79
2024-08-05 12:07:48,ETHUSDT,bid,2230,8052.979
2024-08-05 12:07:53,ETHUSDT,bid,2220,8076.13
2024-08-05 12:08:03,ETHUSDT,bid,1750,10397.131
2024-08-05 12:08:03,ETHUSDT,bid,1800,10702.9
2024-08-05 12:08:04,ETHUSDT,bid,1800,10702.759
2024-08-05 12:08:34,ETHUSDT,ask,2390,4354.989
2024-08-05 12:08:44,ETHUSDT,bid,1800,10702.775
2024-08-05 12:08:48,ETHUSDT,bid,1800,10711.422
2024-08-05 12:08:49,ETHUSDT,ask,2400,4587.261
2024-08-05 12:08:52,ETHUSDT,bid,2220,8081.279
2024-08-05 12:08:58,ETHUSDT,ask,2450,4485.701
2024-08-05 12:09:14,ETHUSDT,bid,1800,10718.694
2024-08-05 12:09:20,ETHUSDT,ask,2400,4584.185
2024-08-05 12:09:45,ETHUSDT,bid,1800,10719.167
2024-08-05 12:09:51,ETHUSDT,bid,2220,8087.961
2024-08-05 12:09:58,ETHUSDT,bid,1800,10710.52
2024-08-05 12:10:25,ETHUSDT,bid,1800,10739.211
2024-08-05 12:10:38,ETHUSDT,bid,1800,10794.026
2024-08-05 12:10:39,ETHUSDT,bid,1700,10101.937
2024-08-05 12:10:49,ETHUSDT,bid,1960,5175.008
2024-08-05 12:10:51,ETHUSDT,bid,2200,8168.118
2024-08-05 12:11:00,ETHUSDT,bid,1800,10793.776
2024-08-05 12:11:41,ETHUSDT,bid,1800,10793.955
2024-08-05 12:11:50,ETHUSDT,bid,2210,8126.447
2024-08-05 12:11:54,ETHUSDT,bid,1800,10739.14
2024-08-05 12:11:56,ETHUSDT,bid,1700,10102.406
2024-08-05 12:11:56,ETHUSDT,bid,1800,10739.19
2024-08-05 12:12:12,ETHUSDT,bid,1800,10739.202
2024-08-05 12:12:46,ETHUSDT,bid,1700,10102.582
2024-08-05 12:12:47,ETHUSDT,bid,1800,10739.023
2024-08-05 12:12:49,ETHUSDT,bid,2200,8170.713
2024-08-05 12:12:53,ETHUSDT,bid,2260,7270.659
2024-08-05 12:12:54,ETHUSDT,bid,2260,7270.673
2024-08-05 12:12:55,ETHUSDT,bid,2260,7270.659
2024-08-05 12:12:56,ETHUSDT,bid,2260,7271.638
2024-08-05 12:12:58,ETHUSDT,bid,2260,7270.669
2024-08-05 12:13:10,ETHUSDT,bid,1800,10744.023
2024-08-05 12:13:23,ETHUSDT,bid,1940,5143.319
2024-08-05 12:13:31,ETHUSDT,bid,1800,10738.468
2024-08-05 12:13:35,ETHUSDT,bid,1800,10738.415
2024-08-05 12:13:38,ETHUSDT,bid,1800,10738.085
2024-08-05 12:13:40,ETHUSDT,bid,1750,10225.703
2024-08-05 12:13:49,ETHUSDT,bid,2220,8118.254
2024-08-05 12:13:49,ETHUSDT,bid,2220,8103.399
2024-08-05 12:13:54,ETHUSDT,bid,1700,10102.406
2024-08-05 12:14:26,ETHUSDT,bid,1800,10738.265
2024-08-05 12:14:39,ETHUSDT,bid,1960,5170.008
2024-08-05 12:14:39,ETHUSDT,bid,1800,10738.32
2024-08-05 12:14:47,ETHUSDT,ask,2400,4580.359
2024-08-05 12:14:48,ETHUSDT,bid,1800,10738.491
2024-08-05 12:14:48,ETHUSDT,bid,2230,8048.576
2024-08-05 12:14:57,ETHUSDT,bid,1750,10197.132
2024-08-05 12:15:05,ETHUSDT,bid,1800,10738.503
2024-08-05 12:15:20,ETHUSDT,bid,2230,8049.693
2024-08-05 12:15:22,ETHUSDT,bid,1700,10102.564
2024-08-05 12:15:28,ETHUSDT,bid,1800,10737.003
2024-08-05 12:15:32,ETHUSDT,bid,2300,8109.447
2024-08-05 12:15:32,ETHUSDT,bid,2300,8108.582
2024-08-05 12:15:34,ETHUSDT,bid,2300,8108.582
2024-08-05 12:15:34,ETHUSDT,bid,2300,8108.602
2024-08-05 12:15:35,ETHUSDT,bid,2300,8110.326
2024-08-05 12:15:36,ETHUSDT,bid,2300,8108.582
2024-08-05 12:15:36,ETHUSDT,bid,2300,8112.068
2024-08-05 12:15:37,ETHUSDT,bid,2300,8110.974
2024-08-05 12:15:37,ETHUSDT,bid,2300,8109.231
2024-08-05 12:15:37,ETHUSDT,bid,2300,8110.976
2024-08-05 12:15:37,ETHUSDT,bid,2300,8110.245
2024-08-05 12:15:38,ETHUSDT,bid,2300,8111.111
2024-08-05 12:15:38,ETHUSDT,bid,2300,8110.245
2024-08-05 12:15:38,ETHUSDT,bid,1700,10102.095
2024-08-05 12:15:38,ETHUSDT,bid,2300,8108.582
2024-08-05 12:15:40,ETHUSDT,bid,2300,8111.192
2024-08-05 12:15:40,ETHUSDT,bid,2300,8108.582
2024-08-05 12:15:43,ETHUSDT,bid,2300,8108.582
2024-08-05 12:15:45,ETHUSDT,bid,1800,10736.973
2024-08-05 12:15:47,ETHUSDT,bid,2230,8086.224
2024-08-05 12:15:48,ETHUSDT,bid,2300,8125.11
2024-08-05 12:15:48,ETHUSDT,bid,2300,8108.582
2024-08-05 12:15:49,ETHUSDT,bid,2300,8109.234
2024-08-05 12:15:51,ETHUSDT,bid,2300,8108.582
2024-08-05 12:15:54,ETHUSDT,bid,2230,8041.553
2024-08-05 12:16:41,ETHUSDT,bid,1800,10737.023
2024-08-05 12:16:47,ETHUSDT,bid,2240,8092.898
2024-08-05 12:16:48,ETHUSDT,bid,1950,5147.113
2024-08-05 12:16:49,ETHUSDT,ask,2400,4583.984
2024-08-05 12:17:21,ETHUSDT,bid,1800,10737.006
2024-08-05 12:17:21,ETHUSDT,bid,2240,8092.928
2024-08-05 12:17:34,ETHUSDT,bid,2240,8093.039
2024-08-05 12:17:35,ETHUSDT,bid,1750,10191.418
2024-08-05 12:17:44,ETHUSDT,ask,2450,4475.406
2024-08-05 12:17:46,ETHUSDT,bid,2220,8091.633
2024-08-05 12:17:53,ETHUSDT,bid,1800,10736.992
2024-08-05 12:17:54,ETHUSDT,bid,1700,10102.732
2024-08-05 12:18:14,ETHUSDT,bid,1750,10160.094
2024-08-05 12:18:37,ETHUSDT,bid,1750,10167.241
2024-08-05 12:18:39,ETHUSDT,bid,1800,10737.006
2024-08-05 12:18:45,ETHUSDT,bid,2230,8050.819
2024-08-05 12:19:04,ETHUSDT,bid,1800,10737.238
2024-08-05 12:19:45,ETHUSDT,bid,2220,8087.343
2024-08-05 12:19:46,ETHUSDT,ask,2400,4582.182
2024-08-05 12:20:17,ETHUSDT,bid,1800,10745.834
2024-08-05 12:20:39,ETHUSDT,bid,1700,10102.82
2024-08-05 12:20:41,ETHUSDT,bid,2300,7686.569
2024-08-05 12:20:43,ETHUSDT,bid,1750,10166.92
2024-08-05 12:20:44,ETHUSDT,bid,2230,8059.929
2024-08-05 12:20:47,ETHUSDT,bid,1800,10746.102
2024-08-05 12:21:00,ETHUSDT,bid,1800,10753.102
2024-08-05 12:21:17,ETHUSDT,bid,1700,10103.877
2024-08-05 12:21:22,ETHUSDT,bid,2300,4994.141
2024-08-05 12:21:22,ETHUSDT,bid,2300,4994.164
2024-08-05 12:21:23,ETHUSDT,bid,2300,5119.018
2024-08-05 12:21:23,ETHUSDT,bid,2300,4994.164
2024-08-05 12:21:32,ETHUSDT,bid,1800,10753.787
2024-08-05 12:21:38,ETHUSDT,bid,1800,10748.787
2024-08-05 12:21:43,ETHUSDT,bid,2240,8053.032
2024-08-05 12:21:44,ETHUSDT,bid,2240,8038.35
2024-08-05 12:21:44,ETHUSDT,bid,2240,8023.668
2024-08-05 12:21:44,ETHUSDT,bid,2240,8008.986
2024-08-05 12:22:42,ETHUSDT,bid,2250,7991.739
2024-08-05 12:22:45,ETHUSDT,bid,1960,5172.008
2024-08-05 12:22:47,ETHUSDT,ask,2390,4351.553
2024-08-05 12:23:07,ETHUSDT,ask,2400,4590.26
2024-08-05 12:23:09,ETHUSDT,bid,1800,10778.787
2024-08-05 12:23:13,ETHUSDT,bid,1960,5172.407
2024-08-05 12:23:16,ETHUSDT,ask,2400,4590.722
2024-08-05 12:23:26,ETHUSDT,ask,2400,4590.306
2024-08-05 12:23:26,ETHUSDT,ask,2450,4481.263
2024-08-05 12:23:35,ETHUSDT,bid,1800,10778.519
2024-08-05 12:23:41,ETHUSDT,bid,2250,7986.582
2024-08-05 12:24:08,ETHUSDT,ask,2390,4351.576
2024-08-05 12:24:41,ETHUSDT,bid,2250,8028.412
2024-08-05 12:24:44,ETHUSDT,bid,1800,10777.964
2024-08-05 12:24:47,ETHUSDT,ask,2400,4600.124
2024-08-05 12:24:53,ETHUSDT,bid,1800,10778.519
2024-08-05 12:25:06,ETHUSDT,bid,1800,10778.545
2024-08-05 12:25:08,ETHUSDT,bid,1800,10778.295
2024-08-05 12:25:20,ETHUSDT,bid,1800,10777.74
2024-08-05 12:25:40,ETHUSDT,bid,2250,7991.866
2024-08-05 12:26:07,ETHUSDT,bid,1940,5145.375
2024-08-05 12:26:23,ETHUSDT,bid,1800,10777.795
2024-08-05 12:26:34,ETHUSDT,bid,1700,10103.935
2024-08-05 12:26:40,ETHUSDT,bid,2260,7934.199
2024-08-05 12:26:40,ETHUSDT,bid,1950,5147.628
2024-08-05 12:26:42,ETHUSDT,bid,1700,10104.023
2024-08-05 12:26:54,ETHUSDT,ask,2460,4061.429
2024-08-05 12:27:06,ETHUSDT,bid,1800,10777.781
2024-08-05 12:27:27,ETHUSDT,bid,1700,10104.043
2024-08-05 12:27:35,ETHUSDT,ask,2390,4491.457
2024-08-05 12:27:39,ETHUSDT,bid,2270,7916.611
2024-08-05 12:27:40,ETHUSDT,ask,2450,4472.58
2024-08-05 12:27:52,ETHUSDT,ask,2400,4621.105
2024-08-05 12:27:57,ETHUSDT,bid,1800,10776.281
2024-08-05 12:28:02,ETHUSDT,ask,2400,4621.305
2024-08-05 12:28:04,ETHUSDT,ask,2400,4616.305
2024-08-05 12:28:19,ETHUSDT,bid,1800,10776.302
2024-08-05 12:28:28,ETHUSDT,bid,1750,10167.262
2024-08-05 12:28:33,ETHUSDT,ask,2400,4619.502
2024-08-05 12:28:38,ETHUSDT,bid,2280,7894.632
2024-08-05 12:28:39,ETHUSDT,bid,2280,7894.65
2024-08-05 12:28:43,ETHUSDT,ask,2390,4354.619
2024-08-05 12:28:43,ETHUSDT,ask,2400,4604.326
2024-08-05 12:28:46,ETHUSDT,ask,2390,4354.603
2024-08-05 12:28:46,ETHUSDT,ask,2400,4604.31
2024-08-05 12:28:46,ETHUSDT,ask,2440,4170.273
2024-08-05 12:28:49,ETHUSDT,ask,2450,4468.777
2024-08-05 12:28:50,ETHUSDT,bid,2280,7894.632
2024-08-05 12:28:51,ETHUSDT,ask,2400,4593.387
2024-08-05 12:28:54,ETHUSDT,ask,2450,4471.827
2024-08-05 12:28:55,ETHUSDT,ask,2440,4170.378
2024-08-05 12:28:56,ETHUSDT,ask,2450,4471.727
2024-08-05 12:28:59,ETHUSDT,ask,2450,4471.319
2024-08-05 12:28:59,ETHUSDT,ask,2400,4601.514
2024-08-05 12:29:09,ETHUSDT,bid,1800,10776.315
2024-08-05 12:29:26,ETHUSDT,bid,1700,10104.093
2024-08-05 12:29:27,ETHUSDT,ask,2400,4602.046
2024-08-05 12:29:35,ETHUSDT,bid,1800,10775.533
2024-08-05 12:29:37,ETHUSDT,bid,2270,7911.705
2024-08-05 12:29:42,ETHUSDT,ask,2400,4614.559
2024-08-05 12:29:44,ETHUSDT,bid,2270,7913.899
2024-08-05 12:29:48,ETHUSDT,bid,1800,10775.483
2024-08-05 12:29:58,ETHUSDT,bid,1800,10777.009
2024-08-05 12:30:03,ETHUSDT,ask,2390,4377.391
2024-08-05 12:30:04,ETHUSDT,ask,2390,4377.401
2024-08-05 12:30:09,ETHUSDT,ask,2390,4377.411
2024-08-05 12:30:12,ETHUSDT,bid,2270,7911.705
2024-08-05 12:30:19,ETHUSDT,bid,1800,10778.509
2024-08-05 12:30:37,ETHUSDT,bid,2270,7899.483
2024-08-05 12:30:40,ETHUSDT,ask,2550,4279.149
2024-08-05 12:30:58,ETHUSDT,ask,2390,4366.831
2024-08-05 12:30:58,ETHUSDT,ask,2400,4604.92
2024-08-05 12:30:58,ETHUSDT,ask,2440,4178.495
2024-08-05 12:30:58,ETHUSDT,ask,2450,4473.355
2024-08-05 12:31:08,ETHUSDT,bid,1800,10787.599
2024-08-05 12:31:09,ETHUSDT,bid,1800,10786.687
2024-08-05 12:31:09,ETHUSDT,ask,2400,4604.945
2024-08-05 12:31:36,ETHUSDT,bid,2280,7893.767
2024-08-05 12:31:37,ETHUSDT,ask,2400,4607.223
2024-08-05 12:31:54,ETHUSDT,bid,1800,10784.362
2024-08-05 12:32:03,ETHUSDT,ask,2390,4370.825
2024-08-05 12:32:15,ETHUSDT,ask,2390,4371.661
2024-08-05 12:32:20,ETHUSDT,ask,2580,3940.002
2024-08-05 12:32:22,ETHUSDT,ask,2400,4615.903
2024-08-05 12:32:22,ETHUSDT,ask,2450,4473.374
2024-08-05 12:32:32,ETHUSDT,bid,1800,10785.367
2024-08-05 12:32:35,ETHUSDT,ask,2580,3870.324
2024-08-05 12:32:35,ETHUSDT,bid,2280,7894.632
2024-08-05 12:32:39,ETHUSDT,ask,2580,3870.312
2024-08-05 12:32:39,ETHUSDT,ask,2580,3870.292
2024-08-05 12:32:44,ETHUSDT,ask,2580,3870.224
2024-08-05 12:32:53,ETHUSDT,ask,2400,4616.451
2024-08-05 12:33:03,ETHUSDT,ask,2400,4617.525
2024-08-05 12:33:04,ETHUSDT,ask,2390,4374.534
2024-08-05 12:33:21,ETHUSDT,ask,2400,4617.418
2024-08-05 12:33:25,ETHUSDT,ask,2550,4277.897
2024-08-05 12:33:34,ETHUSDT,bid,2280,7866.726
2024-08-05 12:33:47,ETHUSDT,bid,1800,10789.288
2024-08-05 12:33:48,ETHUSDT,bid,1800,10789.276
2024-08-05 12:33:58,ETHUSDT,ask,2450,4480.536
2024-08-05 12:34:01,ETHUSDT,ask,2450,4481.036
2024-08-05 12:34:05,ETHUSDT,bid,1700,10103.456
2024-08-05 12:34:08,ETHUSDT,ask,2450,4486.062
2024-08-05 12:34:11,ETHUSDT,bid,1800,10789.312
2024-08-05 12:34:34,ETHUSDT,bid,2280,7875.654
2024-08-05 12:34:46,ETHUSDT,ask,2390,4386.815
2024-08-05 12:34:46,ETHUSDT,ask,2400,4601.564
2024-08-05 12:34:58,ETHUSDT,bid,1800,10789.276
2024-08-05 12:35:02,ETHUSDT,bid,1800,10789.928
2024-08-05 12:35:06,ETHUSDT,ask,2400,4643.227
2024-08-05 12:35:24,ETHUSDT,bid,1700,10103.444
2024-08-05 12:35:33,ETHUSDT,bid,2280,7891.379
2024-08-05 12:35:38,ETHUSDT,bid,1800,10789.964
2024-08-05 12:36:11,ETHUSDT,ask,2400,4643.336
2024-08-05 12:36:15,ETHUSDT,ask,2580,3870.264
2024-08-05 12:36:20,ETHUSDT,bid,1750,10174.297
2024-08-05 12:36:23,ETHUSDT,ask,2450,4481.533
2024-08-05 12:36:27,ETHUSDT,bid,1800,10791.485
2024-08-05 12:36:32,ETHUSDT,bid,2280,7893.307
2024-08-05 12:36:48,ETHUSDT,bid,1700,10103.527
2024-08-05 12:36:49,ETHUSDT,ask,2390,4387.349
2024-08-05 12:36:56,ETHUSDT,ask,2460,4061.429
2024-08-05 12:36:56,ETHUSDT,ask,2400,4600.733
2024-08-05 12:37:13,ETHUSDT,bid,1800,10792.596
2024-08-05 12:37:24,ETHUSDT,ask,2400,4567.512
2024-08-05 12:37:32,ETHUSDT,bid,2270,7906.353
2024-08-05 12:37:38,ETHUSDT,bid,1800,10792.651
2024-08-05 12:37:43,ETHUSDT,bid,1700,10103.585
2024-08-05 12:37:47,ETHUSDT,ask,2400,4566.946
2024-08-05 12:37:48,ETHUSDT,bid,1800,10792.8
2024-08-05 12:37:48,ETHUSDT,ask,2400,4565.888
2024-08-05 12:37:56,ETHUSDT,bid,1800,10791.689
2024-08-05 12:38:06,ETHUSDT,bid,1800,10791.789
2024-08-05 12:38:14,ETHUSDT,ask,2580,3940.014
2024-08-05 12:38:31,ETHUSDT,bid,2270,7899.643
2024-08-05 12:38:42,ETHUSDT,ask,2390,4395.736
2024-08-05 12:38:52,ETHUSDT,ask,2400,4713.598
2024-08-05 12:38:54,ETHUSDT,ask,2450,4477.391
2024-08-05 12:39:03,ETHUSDT,ask,2400,4744.421
2024-08-05 12:39:04,ETHUSDT,bid,1800,10791.829
2024-08-05 12:39:05,ETHUSDT,ask,2400,4746.613
2024-08-05 12:39:11,ETHUSDT,bid,1800,10791.841
2024-08-05 12:39:11,ETHUSDT,ask,2400,4604.062
2024-08-05 12:39:28,ETHUSDT,bid,1800,10791.876
2024-08-05 12:39:30,ETHUSDT,bid,2270,7912.244
2024-08-05 12:39:31,ETHUSDT,bid,2270,7912.279
2024-08-05 12:39:31,ETHUSDT,bid,2270,7912.244
2024-08-05 12:39:46,ETHUSDT,ask,2400,4603.821
2024-08-05 12:39:46,ETHUSDT,bid,1800,10791.944
2024-08-05 12:39:50,ETHUSDT,ask,2390,4395.736
2024-08-05 12:39:53,ETHUSDT,ask,2400,4602.988
2024-08-05 12:39:59,ETHUSDT,ask,2390,4395.777
2024-08-05 12:40:00,ETHUSDT,ask,2390,4395.401
2024-08-05 12:40:04,ETHUSDT,bid,1800,10791.932
2024-08-05 12:40:05,ETHUSDT,bid,1950,5148.628
2024-08-05 12:40:06,ETHUSDT,ask,2390,4395.423
2024-08-05 12:40:10,ETHUSDT,bid,1940,5146.375
2024-08-05 12:40:22,ETHUSDT,bid,1800,10794.232
2024-08-05 12:40:30,ETHUSDT,bid,2260,7931.859
2024-08-05 12:40:39,ETHUSDT,ask,2390,4477.437
2024-08-05 12:41:02,ETHUSDT,bid,1800,10794.212
2024-08-05 12:41:03,ETHUSDT,ask,2390,4377.172
2024-08-05 12:41:11,ETHUSDT,bid,1800,10794.329
2024-08-05 12:41:29,ETHUSDT,bid,2260,7931.611
2024-08-05 12:41:37,ETHUSDT,ask,2390,4377.172
2024-08-05 12:41:37,ETHUSDT,bid,1700,10103.638
2024-08-05 12:41:40,ETHUSDT,ask,2400,4547.345
2024-08-05 12:41:42,ETHUSDT,ask,2390,4377.172
2024-08-05 12:41:53,ETHUSDT,ask,2400,4547.357
2024-08-05 12:41:54,ETHUSDT,bid,1800,10801.753
2024-08-05 12:42:12,ETHUSDT,bid,1800,10801.101
2024-08-05 12:42:28,ETHUSDT,bid,2260,7948.985
2024-08-05 12:42:41,ETHUSDT,ask,2400,4547.573
2024-08-05 12:42:41,ETHUSDT,ask,2440,4173.228
2024-08-05 12:42:43,ETHUSDT,bid,1800,10801.754
2024-08-05 12:42:53,ETHUSDT,bid,2260,7951.187
2024-08-05 12:42:53,ETHUSDT,bid,2260,7948.985
2024-08-05 12:42:56,ETHUSDT,bid,1700,10104.774
2024-08-05 12:43:01,ETHUSDT,ask,2460,4078.278
2024-08-05 12:43:06,ETHUSDT,ask,2440,4173.25
2024-08-05 12:43:12,ETHUSDT,ask,2400,4549.181
2024-08-05 12:43:13,ETHUSDT,ask,2400,4549.2
2024-08-05 12:43:13,ETHUSDT,ask,2400,4549.62
2024-08-05 12:43:14,ETHUSDT,ask,2400,4549.181
2024-08-05 12:43:28,ETHUSDT,bid,2250,7986.972
2024-08-05 12:43:43,ETHUSDT,bid,1800,10802.448
2024-08-05 12:43:49,ETHUSDT,ask,2400,4549.163
2024-08-05 12:43:51,ETHUSDT,bid,1800,10802.725
2024-08-05 12:44:27,ETHUSDT,bid,2260,7944.88
2024-08-05 12:44:32,ETHUSDT,bid,1800,10802.608
2024-08-05 12:44:47,ETHUSDT,bid,1800,10802.408
2024-08-05 12:44:54,ETHUSDT,bid,1800,10795.408
2024-08-05 12:45:00,ETHUSDT,ask,2400,4549.15
2024-08-05 12:45:26,ETHUSDT,bid,2280,7892.313
2024-08-05 12:45:52,ETHUSDT,ask,2580,3870.224
2024-08-05 12:46:09,ETHUSDT,ask,2390,4364.512
2024-08-05 12:46:14,ETHUSDT,ask,2390,4364.678
2024-08-05 12:46:15,ETHUSDT,bid,1800,10795.308
2024-08-05 12:46:22,ETHUSDT,ask,2460,4061.429
2024-08-05 12:46:26,ETHUSDT,bid,2270,7917.413
2024-08-05 12:46:29,ETHUSDT,ask,2400,4549.485
2024-08-05 12:46:32,ETHUSDT,ask,2390,4365.06
2024-08-05 12:46:32,ETHUSDT,ask,2440,4165.4
2024-08-05 12:46:37,ETHUSDT,bid,2270,7917.377
2024-08-05 12:46:43,ETHUSDT,ask,2390,4365.07
2024-08-05 12:47:14,ETHUSDT,bid,1700,10103.518
2024-08-05 12:47:14,ETHUSDT,bid,1800,10794.418
2024-08-05 12:47:18,ETHUSDT,bid,1800,10794.43
2024-08-05 12:47:24,ETHUSDT,ask,2400,4550.301
2024-08-05 12:47:25,ETHUSDT,bid,2270,7911.044
2024-08-05 12:47:27,ETHUSDT,bid,1800,10794.48
2024-08-05 12:48:12,ETHUSDT,bid,1800,10796.175
2024-08-05 12:48:14,ETHUSDT,bid,1750,10174.335
2024-08-05 12:48:24,ETHUSDT,bid,2260,7950.6
2024-08-05 12:48:31,ETHUSDT,bid,1750,10174.62
2024-08-05 12:49:16,ETHUSDT,ask,2390,4364.157
2024-08-05 12:49:20,ETHUSDT,bid,1700,10103.46
2024-08-05 12:49:20,ETHUSDT,bid,1800,10796.12
2024-08-05 12:49:24,ETHUSDT,bid,2260,7941.69
2024-08-05 12:49:45,ETHUSDT,ask,2450,4479.113
2024-08-05 12:49:56,ETHUSDT,bid,1800,10796.508
2024-08-05 12:50:23,ETHUSDT,bid,2260,7939.903
2024-08-05 12:51:00,ETHUSDT,bid,1750,10176.334
2024-08-05 12:51:03,ETHUSDT,bid,1750,10176.563
2024-08-05 12:51:11,ETHUSDT,bid,1750,10176.334
2024-08-05 12:51:15,ETHUSDT,ask,2400,4546.089
2024-08-05 12:51:23,ETHUSDT,bid,2250,7981.162
2024-08-05 12:51:29,ETHUSDT,bid,1800,10796.626
2024-08-05 12:51:34,ETHUSDT,bid,1800,10796.6
2024-08-05 12:51:47,ETHUSDT,bid,1700,10103.344
2024-08-05 12:51:51,ETHUSDT,bid,1800,10796.588
2024-08-05 12:51:53,ETHUSDT,ask,2450,4473.921
2024-08-05 12:52:05,ETHUSDT,bid,1750,10176.585
2024-08-05 12:52:17,ETHUSDT,bid,1750,10176.334
2024-08-05 12:52:22,ETHUSDT,bid,2250,7976.319
2024-08-05 12:52:35,ETHUSDT,bid,1700,10103.608
2024-08-05 12:52:37,ETHUSDT,ask,2400,4545.805
2024-08-05 12:52:42,ETHUSDT,ask,2450,4473.931
2024-08-05 12:52:48,ETHUSDT,bid,1800,10796.699
2024-08-05 12:52:59,ETHUSDT,ask,2390,4364.331
2024-08-05 12:53:21,ETHUSDT,bid,2250,7995.652
2024-08-05 12:53:28,ETHUSDT,bid,1800,10796.72
2024-08-05 12:53:29,ETHUSDT,bid,1800,10804.709
2024-08-05 12:53:33,ETHUSDT,bid,1700,10103.314
2024-08-05 12:53:34,ETHUSDT,bid,1800,10804.432
2024-08-05 12:53:41,ETHUSDT,bid,1800,10804.411
2024-08-05 12:54:20,ETHUSDT,bid,2260,7983.386
2024-08-05 12:54:30,ETHUSDT,bid,1800,10805.664
2024-08-05 12:54:42,ETHUSDT,ask,2400,4547.727
2024-08-05 12:54:42,ETHUSDT,ask,2390,4355.839
2024-08-05 12:55:14,ETHUSDT,bid,1800,10805.699
2024-08-05 12:55:19,ETHUSDT,bid,2250,7977.072
2024-08-05 12:55:43,ETHUSDT,ask,2400,4651.823
2024-08-05 12:55:50,ETHUSDT,bid,1960,5177.509
2024-08-05 12:56:11,ETHUSDT,bid,1800,10805.005
2024-08-05 12:56:19,ETHUSDT,bid,2250,7969.661
2024-08-05 12:56:27,ETHUSDT,bid,1800,10805.03
2024-08-05 12:56:43,ETHUSDT,bid,1800,10804.521
2024-08-05 12:56:51,ETHUSDT,bid,1800,10804.485
2024-08-05 12:56:59,ETHUSDT,bid,1800,10804.762
2024-08-05 12:57:18,ETHUSDT,bid,2240,8006.868
2024-08-05 12:57:21,ETHUSDT,ask,2390,4386.302
2024-08-05 12:57:37,ETHUSDT,ask,2390,4386.322
2024-08-05 12:57:41,ETHUSDT,ask,2390,4386.156
2024-08-05 12:58:17,ETHUSDT,ask,2550,4277.342
2024-08-05 12:58:17,ETHUSDT,bid,2240,8008.197
2024-08-05 12:58:18,ETHUSDT,bid,2240,8008.197
2024-08-05 12:58:39,ETHUSDT,bid,1800,10819.728
2024-08-05 12:58:40,ETHUSDT,bid,1800,10819.868
2024-08-05 12:58:52,ETHUSDT,bid,1800,10804.902
2024-08-05 12:59:03,ETHUSDT,bid,1800,10819.886
2024-08-05 12:59:05,ETHUSDT,ask,2450,4472.94
2024-08-05 12:59:17,ETHUSDT,bid,2240,8029.584
2024-08-05 12:59:18,ETHUSDT,bid,1800,10819.893
2024-08-05 12:59:28,ETHUSDT,bid,2240,8042.933
2024-08-05 12:59:30,ETHUSDT,bid,1800,10824.568
2024-08-05 12:59:44,ETHUSDT,ask,2400,4554.586
2024-08-05 12:59:49,ETHUSDT,bid,1700,10103.608
2024-08-05 12:59:56,ETHUSDT,bid,2240,8029.584
2024-08-05 13:00:02,ETHUSDT,bid,1750,10178.048
2024-08-05 13:00:16,ETHUSDT,bid,2230,8050.269
2024-08-05 13:00:48,ETHUSDT,bid,1800,10823.794
2024-08-05 13:00:57,ETHUSDT,ask,2400,4554.669
2024-08-05 13:00:57,ETHUSDT,ask,2400,4554.899
2024-08-05 13:00:59,ETHUSDT,ask,2400,4555.905
2024-08-05 13:01:16,ETHUSDT,bid,2240,8006.405
2024-08-05 13:01:19,ETHUSDT,bid,1800,10823.676
2024-08-05 13:01:32,ETHUSDT,bid,1800,10823.664
2024-08-05 13:01:41,ETHUSDT,bid,1700,10103.596
2024-08-05 13:01:43,ETHUSDT,bid,1800,10823.652
2024-08-05 13:01:51,ETHUSDT,ask,2400,4561.108
2024-08-05 13:01:55,ETHUSDT,bid,1800,10823.666
2024-08-05 13:01:56,ETHUSDT,bid,1800,10823.654
2024-08-05 13:01:58,ETHUSDT,bid,1960,5177.559
2024-08-05 13:02:03,ETHUSDT,bid,1800,10823.642
2024-08-05 13:02:15,ETHUSDT,bid,2240,8034.745
2024-08-05 13:02:44,ETHUSDT,bid,1950,5163.628
2024-08-05 13:03:14,ETHUSDT,bid,2220,8072.038
2024-08-05 13:03:24,ETHUSDT,bid,1800,10824.012
2024-08-05 13:04:14,ETHUSDT,bid,2220,8096.734
2024-08-05 13:04:32,ETHUSDT,bid,1750,10178.348
2024-08-05 13:04:40,ETHUSDT,bid,1700,10103.796
2024-08-05 13:04:53,ETHUSDT,ask,2400,4560.29
2024-08-05 13:04:58,ETHUSDT,bid,1700,10103.596
2024-08-05 13:05:07,ETHUSDT,bid,1800,10824.342
2024-08-05 13:05:13,ETHUSDT,bid,1750,10178.728
2024-08-05 13:05:13,ETHUSDT,bid,2210,8136.025
2024-08-05 13:05:32,ETHUSDT,bid,1700,10103.987
2024-08-05 13:05:35,ETHUSDT,bid,1700,10104.087
2024-08-05 13:05:40,ETHUSDT,bid,1800,10821.009
2024-08-05 13:05:41,ETHUSDT,bid,1800,10824.342
2024-08-05 13:05:45,ETHUSDT,bid,1700,10107.616
2024-08-05 13:06:12,ETHUSDT,bid,2210,8128.465
2024-08-05 13:06:26,ETHUSDT,bid,1750,10177.014
2024-08-05 13:06:41,ETHUSDT,ask,2400,4558.098
2024-08-05 13:07:01,ETHUSDT,ask,2400,4550.421
2024-08-05 13:07:11,ETHUSDT,bid,2200,8177.874
2024-08-05 13:07:12,ETHUSDT,bid,1800,10825.465
2024-08-05 13:07:14,ETHUSDT,bid,1800,10825.63
2024-08-05 13:07:22,ETHUSDT,bid,2200,8223.159
2024-08-05 13:07:27,ETHUSDT,bid,2200,8177.874
2024-08-05 13:07:36,ETHUSDT,ask,2450,4222.075
2024-08-05 13:07:46,ETHUSDT,bid,1800,10823.219
2024-08-05 13:08:03,ETHUSDT,bid,2280,5019.875
2024-08-05 13:08:06,ETHUSDT,bid,2280,5020.875
2024-08-05 13:08:07,ETHUSDT,bid,2280,5185.375
2024-08-05 13:08:08,ETHUSDT,bid,2280,5020.875
2024-08-05 13:08:09,ETHUSDT,bid,1800,10821.219
2024-08-05 13:08:11,ETHUSDT,bid,2210,8113.016
2024-08-05 13:08:12,ETHUSDT,bid,2280,5012.228
2024-08-05 13:08:15,ETHUSDT,bid,2280,5012.535
2024-08-05 13:08:47,ETHUSDT,bid,1800,10821.237
2024-08-05 13:08:49,ETHUSDT,bid,1700,10107.262
2024-08-05 13:08:49,ETHUSDT,bid,1800,10820.318
2024-08-05 13:08:57,ETHUSDT,bid,1800,10820.345
2024-08-05 13:09:05,ETHUSDT,bid,1800,10820.318
2024-08-05 13:09:05,ETHUSDT,bid,2210,8114.142
2024-08-05 13:09:10,ETHUSDT,bid,2200,8149.953
2024-08-05 13:09:34,ETHUSDT,bid,1750,10178.156
2024-08-05 13:09:36,ETHUSDT,ask,2400,4551.286
2024-08-05 13:09:37,ETHUSDT,bid,1800,10820.444
2024-08-05 13:10:02,ETHUSDT,bid,1700,10107.179
2024-08-05 13:10:09,ETHUSDT,bid,2220,8101.466
2024-08-05 13:10:39,ETHUSDT,bid,1960,5177.659
2024-08-05 13:11:09,ETHUSDT,bid,2220,8103.92
2024-08-05 13:11:16,ETHUSDT,bid,1800,10822.444
2024-08-05 13:12:07,ETHUSDT,bid,1700,10107.237
2024-08-05 13:12:07,ETHUSDT,bid,1800,10822.498
2024-08-05 13:12:08,ETHUSDT,bid,2220,8103.071
2024-08-05 13:12:22,ETHUSDT,bid,1750,10178.181
2024-08-05 13:12:34,ETHUSDT,bid,1800,10824.498
2024-08-05 13:13:07,ETHUSDT,bid,2220,8207.944
2024-08-05 13:13:09,ETHUSDT,bid,2220,8193.083
2024-08-05 13:13:14,ETHUSDT,ask,2390,4385.117
2024-08-05 13:13:29,ETHUSDT,ask,2400,4540.474
2024-08-05 13:13:46,ETHUSDT,bid,1800,10823.375
2024-08-05 13:13:58,ETHUSDT,bid,1960,5177.67
2024-08-05 13:14:01,ETHUSDT,bid,1800,10824.528
2024-08-05 13:14:05,ETHUSDT,bid,1750,10176.467
2024-08-05 13:14:07,ETHUSDT,bid,2210,8116.956
2024-08-05 13:14:25,ETHUSDT,bid,1800,10825.083
2024-08-05 13:14:30,ETHUSDT,bid,1750,10177.467
2024-08-05 13:14:48,ETHUSDT,ask,2400,4540.341
2024-08-05 13:14:57,ETHUSDT,bid,1800,10825.033
2024-08-05 13:15:06,ETHUSDT,bid,2210,8112.639
2024-08-05 13:15:31,ETHUSDT,bid,1800,10825.084
2024-08-05 13:15:43,ETHUSDT,bid,1750,10177.659
2024-08-05 13:15:47,ETHUSDT,bid,1960,5177.57
2024-08-05 13:16:05,ETHUSDT,bid,2210,8120.911
2024-08-05 13:16:22,ETHUSDT,bid,1800,10827.861
2024-08-05 13:16:47,ETHUSDT,bid,1700,10107.307
2024-08-05 13:17:05,ETHUSDT,bid,2210,8112.749
2024-08-05 13:17:07,ETHUSDT,bid,1800,10828.312
2024-08-05 13:17:11,ETHUSDT,bid,1800,10826.312
2024-08-05 13:17:13,ETHUSDT,bid,1800,10826.995
2024-08-05 13:17:21,ETHUSDT,bid,1700,10107.295
2024-08-05 13:17:58,ETHUSDT,bid,1800,10827.55
2024-08-05 13:18:04,ETHUSDT,bid,2210,8144.685
2024-08-05 13:18:08,ETHUSDT,bid,1800,10827.85
2024-08-05 13:18:16,ETHUSDT,bid,1700,10108.032
2024-08-05 13:19:03,ETHUSDT,bid,2190,8204.978
2024-08-05 13:19:23,ETHUSDT,bid,1960,5177.171
2024-08-05 13:19:33,ETHUSDT,bid,2190,8250.105
2024-08-05 13:19:33,ETHUSDT,bid,2190,8250.782
2024-08-05 13:19:44,ETHUSDT,bid,1800,10827.862
2024-08-05 13:20:03,ETHUSDT,bid,2180,8247.395
2024-08-05 13:20:24,ETHUSDT,bid,1800,10827.532
2024-08-05 13:20:28,ETHUSDT,bid,1800,10882.347
2024-08-05 13:20:40,ETHUSDT,bid,1800,10875.075
2024-08-05 13:21:02,ETHUSDT,bid,2190,8196.236
2024-08-05 13:21:05,ETHUSDT,bid,2190,8196.274
2024-08-05 13:21:16,ETHUSDT,bid,2190,8196.236
2024-08-05 13:21:18,ETHUSDT,bid,1800,10875.158
2024-08-05 13:21:18,ETHUSDT,bid,2190,8203.064
2024-08-05 13:21:20,ETHUSDT,bid,2190,8218.089
2024-08-05 13:21:23,ETHUSDT,bid,1800,10875.178
2024-08-05 13:21:34,ETHUSDT,bid,2190,8211.261
2024-08-05 13:21:35,ETHUSDT,bid,1800,10875.261
2024-08-05 13:21:36,ETHUSDT,bid,1700,10108.166
2024-08-05 13:21:40,ETHUSDT,bid,2190,8231.547
2024-08-05 13:21:41,ETHUSDT,bid,2190,8216.522
2024-08-05 13:21:42,ETHUSDT,bid,2190,8196.236
2024-08-05 13:21:43,ETHUSDT,bid,2190,8211.112
2024-08-05 13:21:44,ETHUSDT,bid,1750,10177.757
2024-08-05 13:21:46,ETHUSDT,bid,2190,8196.236
2024-08-05 13:21:47,ETHUSDT,bid,2190,8252.585
2024-08-05 13:21:50,ETHUSDT,bid,2190,8196.236
2024-08-05 13:22:01,ETHUSDT,bid,2170,8298.841
2024-08-05 13:22:08,ETHUSDT,bid,1800,10877.072
2024-08-05 13:22:16,ETHUSDT,bid,1700,10108.139
2024-08-05 13:22:16,ETHUSDT,bid,1750,10177.745
2024-08-05 13:22:16,ETHUSDT,bid,1800,10877.214
2024-08-05 13:22:20,ETHUSDT,bid,1700,10109.7
2024-08-05 13:22:23,ETHUSDT,bid,2170,8268.527
2024-08-05 13:22:24,ETHUSDT,bid,1700,10109.788
2024-08-05 13:22:24,ETHUSDT,bid,1800,10877.554
2024-08-05 13:22:25,ETHUSDT,bid,2170,8283.684
2024-08-05 13:22:26,ETHUSDT,bid,2170,8306.193
2024-08-05 13:22:28,ETHUSDT,bid,1800,10877.632
2024-08-05 13:22:49,ETHUSDT,bid,1800,10874.855
2024-08-05 13:22:50,ETHUSDT,bid,1750,10177.789
2024-08-05 13:22:51,ETHUSDT,bid,1700,10111.862
2024-08-05 13:22:53,ETHUSDT,bid,1700,10091.862
2024-08-05 13:22:57,ETHUSDT,bid,1700,10092.237
2024-08-05 13:23:00,ETHUSDT,bid,1700,10090.163
2024-08-05 13:23:01,ETHUSDT,bid,2160,8323.429
2024-08-05 13:23:07,ETHUSDT,bid,1960,5177.121
2024-08-05 13:23:15,ETHUSDT,bid,1950,5158.628
2024-08-05 13:23:29,ETHUSDT,bid,1800,10874.882
2024-08-05 13:23:35,ETHUSDT,bid,1800,10874.847
2024-08-05 13:23:36,ETHUSDT,bid,1800,10874.812
2024-08-05 13:23:41,ETHUSDT,bid,1700,10090.192
2024-08-05 13:24:00,ETHUSDT,bid,2150,8335.592
2024-08-05 13:24:01,ETHUSDT,bid,1800,10864.812
2024-08-05 13:24:09,ETHUSDT,bid,2150,8372.268
2024-08-05 13:24:11,ETHUSDT,bid,1700,10090.106
2024-08-05 13:24:11,ETHUSDT,bid,1800,10874.812
2024-08-05 13:24:18,ETHUSDT,bid,1750,10177.447
2024-08-05 13:24:22,ETHUSDT,bid,1950,5156.628
2024-08-05 13:24:29,ETHUSDT,bid,1700,10087.81
2024-08-05 13:24:30,ETHUSDT,bid,1700,10087.435
2024-08-05 13:24:30,ETHUSDT,bid,1800,10873.559
2024-08-05 13:24:31,ETHUSDT,bid,1800,10858.055
2024-08-05 13:24:36,ETHUSDT,bid,2150,8358.515
2024-08-05 13:24:37,ETHUSDT,bid,1940,5148.116
2024-08-05 13:24:38,ETHUSDT,bid,1800,10857.984
2024-08-05 13:24:40,ETHUSDT,bid,2150,8267.666
2024-08-05 13:24:40,ETHUSDT,bid,2150,8264.196
2024-08-05 13:24:40,ETHUSDT,bid,1940,5147.923
2024-08-05 13:24:40,ETHUSDT,bid,2150,7802.5
2024-08-05 13:24:41,ETHUSDT,bid,2150,7794.398
2024-08-05 13:24:41,ETHUSDT,bid,2150,7789.188
2024-08-05 13:24:41,ETHUSDT,bid,2150,7429.562
2024-08-05 13:24:41,ETHUSDT,bid,1800,10858.09
2024-08-05 13:24:41,ETHUSDT,bid,2150,6828.554
2024-08-05 13:24:41,ETHUSDT,bid,1800,10848.09
2024-08-05 13:24:41,ETHUSDT,bid,2150,6839.601
2024-08-05 13:24:41,ETHUSDT,bid,2150,6839.845
2024-08-05 13:24:42,ETHUSDT,bid,2150,6842.395
2024-08-05 13:24:42,ETHUSDT,bid,2150,6896.63
2024-08-05 13:24:42,ETHUSDT,bid,2150,6900.56
2024-08-05 13:24:42,ETHUSDT,bid,2150,6898.241
2024-08-05 13:24:42,ETHUSDT,bid,2150,6898.071
2024-08-05 13:24:43,ETHUSDT,bid,2150,6837.848
2024-08-05 13:24:43,ETHUSDT,bid,2150,6834.608
2024-08-05 13:24:43,ETHUSDT,bid,2150,6839.112
2024-08-05 13:24:44,ETHUSDT,bid,2150,6834.608
2024-08-05 13:24:44,ETHUSDT,bid,2150,6832.058
2024-08-05 13:24:46,ETHUSDT,bid,1700,10087.347
2024-08-05 13:24:48,ETHUSDT,bid,2150,6817.094
2024-08-05 13:24:48,ETHUSDT,bid,2150,6775.112
2024-08-05 13:24:49,ETHUSDT,bid,2150,6534.412
2024-08-05 13:24:49,ETHUSDT,bid,2150,6524.132
2024-08-05 13:24:49,ETHUSDT,bid,2150,6528.762
2024-08-05 13:24:49,ETHUSDT,bid,2150,5053.645
2024-08-05 13:24:51,ETHUSDT,bid,1950,5155.628
2024-08-05 13:24:53,ETHUSDT,bid,1800,10848.24
2024-08-05 13:24:54,ETHUSDT,bid,1940,5202.223
2024-08-05 13:24:55,ETHUSDT,bid,1700,10087.316
2024-08-05 13:24:57,ETHUSDT,bid,1940,5202.203
2024-08-05 13:24:57,ETHUSDT,bid,1940,5202.183
2024-08-05 13:24:59,ETHUSDT,bid,1700,10087.304
2024-08-05 13:25:00,ETHUSDT,bid,2110,8526.239
2024-08-05 13:25:02,ETHUSDT,bid,1700,10089.077
2024-08-05 13:25:18,ETHUSDT,bid,1800,10848.34
2024-08-05 13:25:18,ETHUSDT,bid,1800,10848.84
2024-08-05 13:25:20,ETHUSDT,bid,1700,10093.077
2024-08-05 13:25:22,ETHUSDT,bid,1950,5155.424
2024-08-05 13:25:23,ETHUSDT,bid,1750,10177.07
2024-08-05 13:25:24,ETHUSDT,bid,1800,10849.649
2024-08-05 13:25:24,ETHUSDT,bid,1700,10093.32
2024-08-05 13:25:25,ETHUSDT,bid,2110,8527.34
2024-08-05 13:25:25,ETHUSDT,bid,2110,8526.73
2024-08-05 13:25:25,ETHUSDT,bid,2110,8526.86
2024-08-05 13:25:25,ETHUSDT,bid,2110,8526.251
2024-08-05 13:25:28,ETHUSDT,bid,1700,10093.291
2024-08-05 13:25:28,ETHUSDT,bid,1800,10849.704
2024-08-05 13:25:39,ETHUSDT,bid,1800,10849.538
2024-08-05 13:25:45,ETHUSDT,bid,1800,10849.583
2024-08-05 13:25:46,ETHUSDT,bid,1800,10839.583
2024-08-05 13:25:51,ETHUSDT,bid,1800,10839.619
2024-08-05 13:25:53,ETHUSDT,bid,1800,10839.745
2024-08-05 13:25:56,ETHUSDT,bid,1960,5177.146
2024-08-05 13:25:59,ETHUSDT,bid,2100,8538.352
2024-08-05 13:26:05,ETHUSDT,bid,1800,10839.911
2024-08-05 13:26:13,ETHUSDT,bid,1700,10093.304
2024-08-05 13:26:18,ETHUSDT,bid,1800,10840.648
2024-08-05 13:26:20,ETHUSDT,bid,1800,10840.688
2024-08-05 13:26:24,ETHUSDT,bid,1940,5146.182
2024-08-05 13:26:25,ETHUSDT,bid,1700,10093.291
2024-08-05 13:26:26,ETHUSDT,bid,1750,10178.299
2024-08-05 13:26:26,ETHUSDT,bid,1800,10845.688
2024-08-05 13:26:27,ETHUSDT,bid,1950,5155.605
2024-08-05 13:26:33,ETHUSDT,bid,1960,5177.205
2024-08-05 13:26:39,ETHUSDT,bid,1800,10845.888
2024-08-05 13:26:48,ETHUSDT,bid,1800,10845.901
2024-08-05 13:26:48,ETHUSDT,bid,1960,5177.218
2024-08-05 13:26:58,ETHUSDT,bid,2130,8434.943
2024-08-05 13:27:06,ETHUSDT,bid,1800,10845.88
2024-08-05 13:27:08,ETHUSDT,bid,1800,10843.88
2024-08-05 13:27:20,ETHUSDT,bid,1800,10845.206
2024-08-05 13:27:24,ETHUSDT,bid,1700,10091.518
2024-08-05 13:27:25,ETHUSDT,bid,1800,10790.391
2024-08-05 13:27:45,ETHUSDT,bid,1800,10791.091
2024-08-05 13:27:47,ETHUSDT,bid,1800,10806.091
2024-08-05 13:27:58,ETHUSDT,bid,2150,8361.67
2024-08-05 13:28:15,ETHUSDT,bid,1750,10178.255
2024-08-05 13:28:16,ETHUSDT,bid,1950,5145.605
2024-08-05 13:28:20,ETHUSDT,bid,1700,10091.549
2024-08-05 13:28:28,ETHUSDT,bid,1800,10805.282
2024-08-05 13:28:31,ETHUSDT,bid,1800,10805.316
2024-08-05 13:28:36,ETHUSDT,bid,1800,10807.316
2024-08-05 13:28:37,ETHUSDT,bid,1700,10097.431
2024-08-05 13:28:47,ETHUSDT,bid,1800,10807.15
2024-08-05 13:28:50,ETHUSDT,bid,1800,10807.165
2024-08-05 13:28:51,ETHUSDT,bid,1750,10179.21
2024-08-05 13:28:57,ETHUSDT,bid,2140,8395.169
2024-08-05 13:29:10,ETHUSDT,bid,1950,5149.314
2024-08-05 13:29:17,ETHUSDT,bid,1800,10808.276
2024-08-05 13:29:36,ETHUSDT,bid,1750,10176.21
2024-08-05 13:29:39,ETHUSDT,bid,1700,10098.605
2024-08-05 13:29:49,ETHUSDT,bid,1960,5177.473
2024-08-05 13:29:56,ETHUSDT,bid,2130,8444.074
2024-08-05 13:30:04,ETHUSDT,bid,1800,10808.288
2024-08-05 13:30:06,ETHUSDT,bid,1800,10807.635
2024-08-05 13:30:06,ETHUSDT,bid,2130,8428.623
2024-08-05 13:30:13,ETHUSDT,bid,1750,10181.924
2024-08-05 13:30:14,ETHUSDT,bid,1750,10181.936
2024-08-05 13:30:22,ETHUSDT,bid,1700,10098.617
2024-08-05 13:30:47,ETHUSDT,bid,1700,10098.323
2024-08-05 13:30:52,ETHUSDT,bid,1800,10809.157
2024-08-05 13:30:53,ETHUSDT,bid,1700,10098.059
2024-08-05 13:30:56,ETHUSDT,bid,2150,8345.387
2024-08-05 13:30:59,ETHUSDT,bid,1700,10098.647
2024-08-05 13:30:59,ETHUSDT,bid,1800,10807.635
2024-08-05 13:31:06,ETHUSDT,bid,1800,10808.161
2024-08-05 13:31:08,ETHUSDT,bid,1800,10808.861
2024-08-05 13:31:25,ETHUSDT,bid,1800,10810.361
2024-08-05 13:31:31,ETHUSDT,bid,1750,10183.036
2024-08-05 13:31:39,ETHUSDT,bid,1750,10184.206
2024-08-05 13:31:41,ETHUSDT,bid,1700,10098.059
2024-08-05 13:31:41,ETHUSDT,bid,1800,10809.806
2024-08-05 13:31:55,ETHUSDT,bid,2170,8294.816
2024-08-05 13:32:05,ETHUSDT,bid,1750,10185.92
2024-08-05 13:32:08,ETHUSDT,bid,1800,10809.861
2024-08-05 13:32:10,ETHUSDT,bid,1800,10809.961
2024-08-05 13:32:17,ETHUSDT,bid,1800,10809.981
2024-08-05 13:32:21,ETHUSDT,bid,1700,10098.264
2024-08-05 13:32:34,ETHUSDT,bid,1800,10809.947
2024-08-05 13:32:36,ETHUSDT,bid,1750,10190.92
2024-08-05 13:32:38,ETHUSDT,bid,1800,10809.932
2024-08-05 13:32:39,ETHUSDT,bid,1750,10200.92
2024-08-05 13:32:49,ETHUSDT,bid,1800,10809.849
2024-08-05 13:32:53,ETHUSDT,bid,1800,10809.766
2024-08-05 13:32:54,ETHUSDT,bid,2170,8314.537
2024-08-05 13:32:56,ETHUSDT,bid,1750,10210.062
2024-08-05 13:33:09,ETHUSDT,bid,2170,8299.351
2024-08-05 13:33:09,ETHUSDT,bid,2170,8284.165
2024-08-05 13:33:35,ETHUSDT,bid,1750,10208.892
2024-08-05 13:33:40,ETHUSDT,bid,1800,10809.116
2024-08-05 13:33:45,ETHUSDT,bid,1750,10212.414
2024-08-05 13:33:47,ETHUSDT,bid,1800,10810.116
2024-08-05 13:33:53,ETHUSDT,bid,2170,8287.674
2024-08-05 13:34:03,ETHUSDT,ask,2390,4364.304
2024-08-05 13:34:06,ETHUSDT,bid,1800,10819.956
2024-08-05 13:34:11,ETHUSDT,bid,1800,10820.056
2024-08-05 13:34:14,ETHUSDT,bid,1800,10820.085
2024-08-05 13:34:14,ETHUSDT,bid,1940,5146.209
2024-08-05 13:34:18,ETHUSDT,bid,1700,10099.264
2024-08-05 13:34:20,ETHUSDT,bid,1800,10820.185
2024-08-05 13:34:24,ETHUSDT,bid,1750,10212.529
2024-08-05 13:34:34,ETHUSDT,bid,1750,10212.414
2024-08-05 13:34:40,ETHUSDT,bid,1750,10226.699
2024-08-05 13:34:53,ETHUSDT,bid,1700,10102.793
2024-08-05 13:34:53,ETHUSDT,bid,2170,8310.291
2024-08-05 13:35:16,ETHUSDT,bid,1960,5177.965
2024-08-05 13:35:25,ETHUSDT,bid,1800,10820.216
2024-08-05 13:35:31,ETHUSDT,bid,1750,10226.982
2024-08-05 13:35:33,ETHUSDT,bid,1800,10815.148
2024-08-05 13:35:35,ETHUSDT,bid,1950,5146.014
2024-08-05 13:35:52,ETHUSDT,bid,2160,8325.164
2024-08-05 13:35:59,ETHUSDT,bid,1700,10102.693
2024-08-05 13:36:03,ETHUSDT,bid,1750,10227.267
2024-08-05 13:36:20,ETHUSDT,bid,1950,5157.321
2024-08-05 13:36:33,ETHUSDT,bid,1800,10821.207
2024-08-05 13:36:50,ETHUSDT,bid,1700,10101.862
2024-08-05 13:36:51,ETHUSDT,bid,2160,8327.464
2024-08-05 13:36:54,ETHUSDT,bid,1750,10226.982
2024-08-05 13:36:55,ETHUSDT,bid,1800,10821.546
2024-08-05 13:36:56,ETHUSDT,bid,1950,5151.876
2024-08-05 13:37:15,ETHUSDT,bid,1800,10821.517
2024-08-05 13:37:19,ETHUSDT,bid,1750,10226.941
2024-08-05 13:37:20,ETHUSDT,bid,1950,5146.014
2024-08-05 13:37:29,ETHUSDT,bid,1800,10830.369
2024-08-05 13:37:33,ETHUSDT,bid,1800,10847.032
2024-08-05 13:37:35,ETHUSDT,bid,1700,10104.262
2024-08-05 13:37:35,ETHUSDT,bid,1750,10228.741
2024-08-05 13:37:35,ETHUSDT,bid,1800,10848.232
2024-08-05 13:37:38,ETHUSDT,bid,1800,10850.232
2024-08-05 13:37:50,ETHUSDT,bid,2150,8367.281
2024-08-05 13:37:55,ETHUSDT,bid,1950,5139.063
2024-08-05 13:37:56,ETHUSDT,bid,1700,10101.862
2024-08-05 13:37:56,ETHUSDT,bid,1750,10226.941
2024-08-05 13:37:56,ETHUSDT,bid,1800,10849.032
2024-08-05 13:37:59,ETHUSDT,bid,1700,10102.807
2024-08-05 13:38:23,ETHUSDT,bid,1750,10226.963
2024-08-05 13:38:33,ETHUSDT,bid,1800,10848.693
2024-08-05 13:38:39,ETHUSDT,bid,1700,10102.602
2024-08-05 13:38:49,ETHUSDT,bid,1800,10848.638
2024-08-05 13:38:49,ETHUSDT,bid,2150,8344.459
2024-08-05 13:38:50,ETHUSDT,bid,1700,10102.719
2024-08-05 13:38:51,ETHUSDT,bid,1750,10227.01
2024-08-05 13:38:57,ETHUSDT,bid,1950,5146.525
2024-08-05 13:39:06,ETHUSDT,ask,2450,4164.044
2024-08-05 13:39:09,ETHUSDT,bid,1700,10102.519
2024-08-05 13:39:18,ETHUSDT,bid,1800,10873.638
2024-08-05 13:39:26,ETHUSDT,bid,1750,10223.431
2024-08-05 13:39:32,ETHUSDT,bid,1800,10867.638
2024-08-05 13:39:33,ETHUSDT,bid,1750,10222.003
2024-08-05 13:39:42,ETHUSDT,bid,1750,10232.003
2024-08-05 13:39:43,ETHUSDT,bid,1750,10222.003
2024-08-05 13:39:49,ETHUSDT,bid,2140,8388.167
2024-08-05 13:39:51,ETHUSDT,bid,1700,10102.319
2024-08-05 13:40:13,ETHUSDT,bid,1800,10867.538
2024-08-05 13:40:16,ETHUSDT,bid,2140,8402.007
2024-08-05 13:40:16,ETHUSDT,bid,2140,8425.074
2024-08-05 13:40:20,ETHUSDT,bid,2140,8440.451
2024-08-05 13:40:21,ETHUSDT,bid,2140,8403.544
2024-08-05 13:40:24,ETHUSDT,bid,1800,10867.432
2024-08-05 13:40:25,ETHUSDT,bid,2140,8388.167
2024-08-05 13:40:29,ETHUSDT,bid,1950,5146.537
2024-08-05 13:40:30,ETHUSDT,bid,1800,10861.373
2024-08-05 13:40:34,ETHUSDT,bid,1800,10864.459
2024-08-05 13:40:36,ETHUSDT,bid,1800,10864.472
2024-08-05 13:40:38,ETHUSDT,bid,1800,10864.496
2024-08-05 13:40:40,ETHUSDT,bid,1800,10864.441
2024-08-05 13:40:40,ETHUSDT,bid,1800,10864.428
2024-08-05 13:40:41,ETHUSDT,bid,1800,10873.539
2024-08-05 13:40:48,ETHUSDT,bid,2120,8460.912
2024-08-05 13:41:07,ETHUSDT,bid,1800,10873.262
2024-08-05 13:41:15,ETHUSDT,bid,1950,5146.026
2024-08-05 13:41:16,ETHUSDT,bid,1950,5138.948
2024-08-05 13:41:29,ETHUSDT,bid,1800,10878.262
2024-08-05 13:41:36,ETHUSDT,bid,1800,10878.59
2024-08-05 13:41:40,ETHUSDT,bid,1700,10101.374
2024-08-05 13:41:47,ETHUSDT,bid,1800,10881.09
2024-08-05 13:41:47,ETHUSDT,bid,2120,8488.792
2024-08-05 13:42:02,ETHUSDT,bid,1800,10880.762
2024-08-05 13:42:03,ETHUSDT,bid,1700,10101.424
2024-08-05 13:42:16,ETHUSDT,bid,1960,5180.473
2024-08-05 13:42:17,ETHUSDT,bid,1800,10881.362
2024-08-05 13:42:18,ETHUSDT,bid,1800,10881.397
2024-08-05 13:42:21,ETHUSDT,bid,2120,8473.259
2024-08-05 13:42:29,ETHUSDT,bid,1700,10101.822
2024-08-05 13:42:39,ETHUSDT,bid,1700,10101.837
2024-08-05 13:42:39,ETHUSDT,bid,1800,10881.382
2024-08-05 13:42:42,ETHUSDT,bid,1800,10876.428
2024-08-05 13:42:46,ETHUSDT,bid,1700,10102.468
2024-08-05 13:42:46,ETHUSDT,bid,1750,10227.296
2024-08-05 13:42:46,ETHUSDT,bid,2110,8504.456
2024-08-05 13:42:50,ETHUSDT,bid,1700,10103.377
2024-08-05 13:42:51,ETHUSDT,bid,1800,10876.453
2024-08-05 13:43:08,ETHUSDT,bid,1800,10868.953
2024-08-05 13:43:11,ETHUSDT,bid,1800,10868.98
2024-08-05 13:43:26,ETHUSDT,bid,1950,5147.038
2024-08-05 13:43:27,ETHUSDT,bid,1800,10873.98
2024-08-05 13:43:28,ETHUSDT,bid,1750,10217.296
2024-08-05 13:43:33,ETHUSDT,bid,1950,5146.026
2024-08-05 13:43:36,ETHUSDT,bid,1800,10874.123
2024-08-05 13:43:44,ETHUSDT,bid,1950,5147.026
2024-08-05 13:43:46,ETHUSDT,bid,2120,8483.495
2024-08-05 13:43:53,ETHUSDT,bid,1800,10874.346
2024-08-05 13:43:56,ETHUSDT,bid,1800,10874.483
2024-08-05 13:44:13,ETHUSDT,bid,1800,10872.957
2024-08-05 13:44:15,ETHUSDT,bid,1800,10869.957
2024-08-05 13:44:32,ETHUSDT,bid,1800,10869.687
2024-08-05 13:44:33,ETHUSDT,bid,1700,10103.473
2024-08-05 13:44:39,ETHUSDT,bid,1800,10869.586
2024-08-05 13:44:45,ETHUSDT,bid,2120,8462.453
2024-08-05 13:44:46,ETHUSDT,bid,1800,10869.488
2024-08-05 13:44:49,ETHUSDT,bid,1700,10102.564
2024-08-05 13:44:51,ETHUSDT,ask,2400,4530.875
2024-08-05 13:44:51,ETHUSDT,bid,1750,10217.581
2024-08-05 13:44:53,ETHUSDT,bid,1800,10872.265
2024-08-05 13:45:00,ETHUSDT,bid,1950,5149.072
2024-08-05 13:45:09,ETHUSDT,bid,1950,5147.026
2024-08-05 13:45:10,ETHUSDT,bid,1800,10872.154
2024-08-05 13:45:14,ETHUSDT,bid,1700,10102.544
2024-08-05 13:45:27,ETHUSDT,bid,1750,10217.925
2024-08-05 13:45:33,ETHUSDT,bid,1800,10902.468
2024-08-05 13:45:34,ETHUSDT,bid,1750,10282.925
2024-08-05 13:45:39,ETHUSDT,ask,2440,4133.091
2024-08-05 13:45:44,ETHUSDT,bid,2130,8444.61
2024-08-05 13:45:48,ETHUSDT,bid,1960,5180.484
2024-08-05 13:45:50,ETHUSDT,bid,1800,10902.523
2024-08-05 13:45:51,ETHUSDT,bid,1800,10902.535
2024-08-05 13:45:53,ETHUSDT,bid,1800,10903.535
2024-08-05 13:45:57,ETHUSDT,bid,1750,10282.937
2024-08-05 13:45:58,ETHUSDT,bid,1800,10906.312
2024-08-05 13:46:02,ETHUSDT,bid,1700,10102.556
2024-08-05 13:46:03,ETHUSDT,bid,1700,10102.541
2024-08-05 13:46:13,ETHUSDT,bid,1700,10103.717
2024-08-05 13:46:17,ETHUSDT,bid,1800,10877.621
2024-08-05 13:46:18,ETHUSDT,bid,1950,5133.948
2024-08-05 13:46:21,ETHUSDT,bid,1800,10868.51
2024-08-05 13:46:38,ETHUSDT,bid,1800,10868.522
2024-08-05 13:46:40,ETHUSDT,bid,1800,10871.475
2024-08-05 13:46:43,ETHUSDT,bid,2130,8415.934
2024-08-05 13:47:00,ETHUSDT,bid,1800,10871.487
2024-08-05 13:47:04,ETHUSDT,bid,1800,10866.487
2024-08-05 13:47:11,ETHUSDT,bid,1800,10866.499
2024-08-05 13:47:20,ETHUSDT,bid,1700,10103.319
2024-08-05 13:47:25,ETHUSDT,bid,1960,5180.276
2024-08-05 13:47:42,ETHUSDT,bid,2160,8321.572
2024-08-05 13:47:48,ETHUSDT,bid,1960,5180.287
2024-08-05 13:48:00,ETHUSDT,bid,1800,10866.674
2024-08-05 13:48:08,ETHUSDT,bid,1800,10865.959
2024-08-05 13:48:18,ETHUSDT,bid,1750,10282.08
2024-08-05 13:48:28,ETHUSDT,bid,1700,10102.159
2024-08-05 13:48:32,ETHUSDT,bid,1700,10102.065
2024-08-05 13:48:37,ETHUSDT,bid,1960,5180.481
2024-08-05 13:48:41,ETHUSDT,bid,1800,10866.014
2024-08-05 13:48:42,ETHUSDT,bid,2170,8293.43
2024-08-05 13:49:24,ETHUSDT,bid,1800,10868.236
2024-08-05 13:49:29,ETHUSDT,bid,1750,10284.217
2024-08-05 13:49:32,ETHUSDT,bid,1800,10868.291
2024-08-05 13:49:41,ETHUSDT,bid,1700,10103.829
2024-08-05 13:49:41,ETHUSDT,bid,2170,8279.069
2024-08-05 13:49:44,ETHUSDT,bid,1700,10103.887
2024-08-05 13:49:52,ETHUSDT,ask,2460,4061.466
2024-08-05 13:49:54,ETHUSDT,bid,1800,10867.18
2024-08-05 13:49:55,ETHUSDT,bid,1700,10102.711
2024-08-05 13:49:56,ETHUSDT,bid,1700,10108.711
2024-08-05 13:50:05,ETHUSDT,bid,1750,10284.205
2024-08-05 13:50:09,ETHUSDT,bid,1700,10108.699
2024-08-05 13:50:12,ETHUSDT,bid,1750,10285.099
2024-08-05 13:50:12,ETHUSDT,bid,1800,10870.756
2024-08-05 13:50:17,ETHUSDT,bid,1800,10867.18
2024-08-05 13:50:18,ETHUSDT,bid,1800,10858.328
2024-08-05 13:50:22,ETHUSDT,bid,1700,10107.699
2024-08-05 13:50:23,ETHUSDT,bid,1800,10858.293
2024-08-05 13:50:31,ETHUSDT,bid,1700,10107.736
2024-08-05 13:50:37,ETHUSDT,bid,1800,10808.293
2024-08-05 13:50:37,ETHUSDT,bid,1960,5130.481
2024-08-05 13:50:40,ETHUSDT,bid,2180,8237.42
2024-08-05 13:50:43,ETHUSDT,bid,1960,5130.422
2024-08-05 13:50:44,ETHUSDT,bid,1800,10778.293
2024-08-05 13:50:49,ETHUSDT,bid,1700,10107.756
2024-08-05 13:50:59,ETHUSDT,bid,2180,8252.451
2024-08-05 13:51:06,ETHUSDT,bid,1800,10778.281
2024-08-05 13:51:46,ETHUSDT,bid,1800,10776.781
2024-08-05 13:51:49,ETHUSDT,bid,1700,10107.261
2024-08-05 13:51:55,ETHUSDT,ask,2460,4061.415
2024-08-05 13:51:58,ETHUSDT,bid,2170,8286.682
2024-08-05 13:52:05,ETHUSDT,bid,1800,10776.226
2024-08-05 13:52:42,ETHUSDT,bid,1700,10108.437
2024-08-05 13:52:58,ETHUSDT,bid,1800,10776.361
2024-08-05 13:52:58,ETHUSDT,bid,2160,8297.645
2024-08-05 13:53:04,ETHUSDT,bid,1800,10776.916
2024-08-05 13:53:15,ETHUSDT,bid,1750,10286.527
2024-08-05 13:53:38,ETHUSDT,bid,1700,10109.329
2024-08-05 13:53:48,ETHUSDT,bid,1800,10826.916
2024-08-05 13:53:52,ETHUSDT,bid,1800,10873.995
2024-08-05 13:53:57,ETHUSDT,bid,2150,8352.244
2024-08-05 13:54:09,ETHUSDT,bid,1800,10874.383
2024-08-05 13:54:16,ETHUSDT,bid,2150,8336.961
2024-08-05 13:54:16,ETHUSDT,bid,1800,10875.28
2024-08-05 13:54:56,ETHUSDT,bid,2160,8310.99
2024-08-05 13:55:05,ETHUSDT,bid,1800,10875.292
2024-08-05 13:55:56,ETHUSDT,bid,2160,8312.052
2024-08-05 13:56:24,ETHUSDT,bid,1800,10877.292
2024-08-05 13:56:28,ETHUSDT,bid,1700,10112.237
2024-08-05 13:56:55,ETHUSDT,bid,2180,8248.14
2024-08-05 13:57:19,ETHUSDT,bid,1800,10877.265
2024-08-05 13:57:39,ETHUSDT,bid,1750,10287.034
2024-08-05 13:57:56,ETHUSDT,bid,2170,8279.097
2024-08-05 13:57:59,ETHUSDT,bid,1800,10876.265
2024-08-05 13:58:03,ETHUSDT,bid,1800,10876.315
2024-08-05 13:58:05,ETHUSDT,bid,1800,10872.389
2024-08-05 13:58:05,ETHUSDT,bid,1800,10872.649
2024-08-05 13:58:29,ETHUSDT,bid,1750,10288.406
2024-08-05 13:58:58,ETHUSDT,bid,2180,8234.556
2024-08-05 13:59:12,ETHUSDT,bid,1700,10106.237
2024-08-05 13:59:33,ETHUSDT,bid,1800,10870.983
2024-08-05 13:59:41,ETHUSDT,bid,1800,10869.657
2024-08-05 13:59:56,ETHUSDT,bid,2200,8169.489
2024-08-05 13:59:58,ETHUSDT,bid,1750,10288.546
2024-08-05 14:00:12,ETHUSDT,bid,1800,10869.639
2024-08-05 14:00:20,ETHUSDT,bid,1700,10106.325
2024-08-05 14:00:35,ETHUSDT,bid,1800,10870.75
2024-08-05 14:00:45,ETHUSDT,bid,1700,10107.501
2024-08-05 14:00:45,ETHUSDT,bid,1750,10274.261
2024-08-05 14:00:52,ETHUSDT,bid,1800,10870.778
2024-08-05 14:00:53,ETHUSDT,bid,2190,8212.865
2024-08-05 14:01:53,ETHUSDT,bid,2190,8193.549
2024-08-05 14:02:17,ETHUSDT,ask,2450,4168.38
2024-08-05 14:02:18,ETHUSDT,bid,1800,10871.61
2024-08-05 14:02:20,ETHUSDT,bid,1700,10107.858
2024-08-05 14:02:21,ETHUSDT,bid,1800,10873.61
2024-08-05 14:02:51,ETHUSDT,bid,2190,8183.098
2024-08-05 14:03:06,ETHUSDT,bid,1800,10826.531
2024-08-05 14:03:39,ETHUSDT,bid,1800,10831.031
2024-08-05 14:03:48,ETHUSDT,bid,1800,10829.51
2024-08-05 14:03:50,ETHUSDT,bid,2200,8157.007
2024-08-05 14:04:09,ETHUSDT,bid,1800,10829.485
2024-08-05 14:04:10,ETHUSDT,bid,2200,8156.828
2024-08-05 14:04:25,ETHUSDT,bid,1800,10830.318
2024-08-05 14:04:50,ETHUSDT,bid,2200,8147.192
2024-08-05 14:05:27,ETHUSDT,bid,1800,10830.818
2024-08-05 14:05:41,ETHUSDT,ask,2400,4509.267
2024-08-05 14:05:49,ETHUSDT,bid,2200,8168.525
2024-08-05 14:05:54,ETHUSDT,ask,2400,4509.303
2024-08-05 14:05:58,ETHUSDT,bid,1700,10108.258
2024-08-05 14:05:59,ETHUSDT,bid,1700,10108.219
2024-08-05 14:06:10,ETHUSDT,bid,1800,10832.052
2024-08-05 14:06:14,ETHUSDT,bid,1750,10273.861
2024-08-05 14:06:23,ETHUSDT,bid,1700,10109.095
2024-08-05 14:06:32,ETHUSDT,bid,1800,10832.032
2024-08-05 14:06:34,ETHUSDT,ask,2400,4509.315
2024-08-05 14:06:50,ETHUSDT,bid,1750,10273.846
2024-08-05 14:06:50,ETHUSDT,bid,2190,8182.376
2024-08-05 14:06:57,ETHUSDT,bid,1800,10837.037
2024-08-05 14:07:22,ETHUSDT,bid,1800,10831.934
2024-08-05 14:07:47,ETHUSDT,bid,2210,8145.331
2024-08-05 14:07:49,ETHUSDT,ask,2400,4510.416
2024-08-05 14:08:02,ETHUSDT,bid,1700,10109.36
2024-08-05 14:08:27,ETHUSDT,bid,1960,5130.524
2024-08-05 14:08:40,ETHUSDT,bid,1750,10275.936
2024-08-05 14:08:47,ETHUSDT,bid,2210,8140.247
2024-08-05 14:08:50,ETHUSDT,ask,2400,4508.479
2024-08-05 14:08:57,ETHUSDT,bid,1960,5130.513
2024-08-05 14:09:11,ETHUSDT,bid,1800,10831.947
2024-08-05 14:09:14,ETHUSDT,bid,1800,10831.969
2024-08-05 14:09:14,ETHUSDT,bid,1960,5130.535
2024-08-05 14:09:48,ETHUSDT,bid,2220,8094.435
2024-08-05 14:10:01,ETHUSDT,ask,2400,4509.762
2024-08-05 14:10:03,ETHUSDT,ask,2550,4264.922
2024-08-05 14:10:29,ETHUSDT,ask,2400,4515.511
2024-08-05 14:10:46,ETHUSDT,bid,2220,8098.189
2024-08-05 14:10:49,ETHUSDT,bid,1960,5130.224
2024-08-05 14:10:49,ETHUSDT,ask,2400,4517.386
2024-08-05 14:10:51,ETHUSDT,bid,1750,10276.164
2024-08-05 14:11:28,ETHUSDT,bid,1700,10109.389
2024-08-05 14:11:28,ETHUSDT,bid,1750,10276.192
2024-08-05 14:11:28,ETHUSDT,bid,1800,10831.996
2024-08-05 14:11:29,ETHUSDT,ask,2450,4168.916
2024-08-05 14:11:30,ETHUSDT,bid,1960,5130.331
2024-08-05 14:11:31,ETHUSDT,ask,2400,4515.512
2024-08-05 15:19:34,ETHUSDT,bid,1700,10112.277
2024-08-05 15:19:34,ETHUSDT,bid,1800,10944.606
2024-08-05 15:19:37,ETHUSDT,bid,1700,10108.748
2024-08-05 15:19:40,ETHUSDT,ask,2390,4388.094
2024-08-05 15:19:42,ETHUSDT,bid,1800,10941.773
2024-08-05 15:20:02,ETHUSDT,bid,2270,7902.649
2024-08-05 15:20:11,ETHUSDT,bid,1800,10939.773
2024-08-05 15:20:17,ETHUSDT,ask,2400,4459.892
2024-08-05 15:20:20,ETHUSDT,bid,1800,10943.773
2024-08-05 15:20:21,ETHUSDT,ask,2400,4480.725
2024-08-05 15:20:40,ETHUSDT,ask,2440,4132.292
2024-08-05 15:20:58,ETHUSDT,ask,2460,4061.275
2024-08-05 15:21:01,ETHUSDT,bid,2270,7913.27
2024-08-05 15:21:05,ETHUSDT,ask,2400,4484.666
2024-08-05 15:21:26,ETHUSDT,bid,1800,10947.175
2024-08-05 15:21:42,ETHUSDT,ask,2400,4484.598
2024-08-05 15:22:00,ETHUSDT,bid,2270,7919.014
2024-08-05 15:22:02,ETHUSDT,ask,2400,4483.598
2024-08-05 15:22:55,ETHUSDT,ask,2390,4495.793
2024-08-05 15:22:59,ETHUSDT,bid,2260,7931.705
2024-08-05 15:23:05,ETHUSDT,bid,1950,5131.45
2024-08-05 15:23:09,ETHUSDT,ask,2390,4388.144
2024-08-05 15:23:26,ETHUSDT,ask,2390,4388.135
2024-08-05 15:23:49,ETHUSDT,bid,1950,5131.49
2024-08-05 15:23:59,ETHUSDT,bid,2260,7930.843
2024-08-05 15:24:01,ETHUSDT,ask,2390,4388.144
2024-08-05 15:24:24,ETHUSDT,bid,1750,10314.456
2024-08-05 15:24:29,ETHUSDT,bid,1950,5136.913
2024-08-05 15:24:40,ETHUSDT,bid,1800,10947.238
2024-08-05 15:24:53,ETHUSDT,bid,1960,5128.393
2024-08-05 15:24:56,ETHUSDT,ask,2400,4482.267
2024-08-05 15:24:58,ETHUSDT,bid,2270,7919.642
2024-08-05 15:24:59,ETHUSDT,ask,2450,4223.318
2024-08-05 15:25:05,ETHUSDT,ask,2400,4482.277
2024-08-05 15:25:12,ETHUSDT,bid,1800,10952.238
2024-08-05 15:25:33,ETHUSDT,ask,2400,4483.208
2024-08-05 15:25:37,ETHUSDT,bid,1800,10952.538
2024-08-05 15:25:38,ETHUSDT,ask,2400,4503.208
2024-08-05 15:25:40,ETHUSDT,bid,1800,10952.591
2024-08-05 15:25:45,ETHUSDT,bid,1800,10952.291
2024-08-05 15:25:47,ETHUSDT,ask,2390,4388.458
2024-08-05 15:25:57,ETHUSDT,ask,2440,4132.165
2024-08-05 15:25:58,ETHUSDT,bid,2260,7946.057
2024-08-05 15:26:09,ETHUSDT,bid,2260,7945.967
2024-08-05 15:26:11,ETHUSDT,ask,2390,4388.474
2024-08-05 15:26:19,ETHUSDT,bid,1700,10108.848
2024-08-05 15:26:22,ETHUSDT,ask,2390,4388.458
2024-08-05 15:26:35,ETHUSDT,ask,2400,4565.707
2024-08-05 15:26:46,ETHUSDT,ask,2450,4223.318
2024-08-05 15:26:49,ETHUSDT,ask,2460,4157.452
2024-08-05 15:26:52,ETHUSDT,ask,2450,4223.668
2024-08-05 15:26:57,ETHUSDT,bid,2260,7939.248
2024-08-05 15:26:57,ETHUSDT,ask,2390,4387.187
2024-08-05 15:27:04,ETHUSDT,ask,2390,4388.187
2024-08-05 15:27:10,ETHUSDT,ask,2400,4566.707
2024-08-05 15:27:50,ETHUSDT,ask,2400,4566.782
2024-08-05 15:27:55,ETHUSDT,ask,2460,4157.482
2024-08-05 15:27:56,ETHUSDT,bid,2260,7950.986
2024-08-05 15:28:06,ETHUSDT,ask,2400,4504.269
2024-08-05 15:28:06,ETHUSDT,ask,2400,4503.338
2024-08-05 15:28:07,ETHUSDT,ask,2400,4508.838
2024-08-05 15:28:15,ETHUSDT,ask,2440,4132.274
2024-08-05 15:28:18,ETHUSDT,ask,2450,4221.502
2024-08-05 15:28:28,ETHUSDT,ask,2400,4509.08
2024-08-05 15:28:47,ETHUSDT,ask,2550,4269.135
2024-08-05 15:28:54,ETHUSDT,ask,2400,4511.954
2024-08-05 15:28:55,ETHUSDT,ask,2390,4388.262
2024-08-05 15:28:56,ETHUSDT,bid,2260,7953.445
2024-08-05 15:28:57,ETHUSDT,bid,2260,7953.535
2024-08-05 15:29:01,ETHUSDT,ask,2400,4511.926
2024-08-05 15:29:09,ETHUSDT,bid,2260,7953.445
2024-08-05 15:29:33,ETHUSDT,ask,2400,4513.103
2024-08-05 15:29:36,ETHUSDT,bid,1750,10314.441
2024-08-05 15:29:37,ETHUSDT,bid,1800,10936.251
2024-08-05 15:29:55,ETHUSDT,bid,2250,7992.362
2024-08-05 15:29:57,ETHUSDT,ask,2390,4388.137
2024-08-05 15:30:00,ETHUSDT,bid,1750,10357.806
2024-08-05 15:30:10,ETHUSDT,ask,2400,4489.254
2024-08-05 15:30:11,ETHUSDT,bid,1750,10357.851
2024-08-05 15:30:40,ETHUSDT,ask,2400,4489.264
2024-08-05 15:30:51,ETHUSDT,bid,1700,10108.714
2024-08-05 15:30:53,ETHUSDT,bid,1700,10108.8
2024-08-05 15:30:54,ETHUSDT,bid,2250,7981.27
2024-08-05 15:31:10,ETHUSDT,bid,1750,10355.714
2024-08-05 15:31:15,ETHUSDT,bid,1800,10939.817
2024-08-05 15:31:16,ETHUSDT,bid,1800,10940.11
2024-08-05 15:31:29,ETHUSDT,ask,2400,4489.164
2024-08-05 15:31:37,ETHUSDT,bid,1800,10938.777
2024-08-05 15:31:54,ETHUSDT,bid,2250,7990.624
2024-08-05 15:32:42,ETHUSDT,bid,1800,10939.527
2024-08-05 15:32:53,ETHUSDT,bid,2250,7967.951
2024-08-05 15:33:09,ETHUSDT,ask,2400,4489.328
2024-08-05 15:33:17,ETHUSDT,ask,2450,4245.491
2024-08-05 15:33:53,ETHUSDT,bid,2250,7993.782
2024-08-05 15:33:54,ETHUSDT,ask,2390,4387.236
2024-08-05 15:34:00,ETHUSDT,ask,2400,4511.392
2024-08-05 15:34:18,ETHUSDT,ask,2400,4511.405
2024-08-05 15:34:23,ETHUSDT,ask,2390,4385.236
2024-08-05 15:34:34,ETHUSDT,bid,1950,5146.49
2024-08-05 15:34:36,ETHUSDT,ask,2440,4132.541
2024-08-05 15:34:52,ETHUSDT,bid,2250,7981.033
2024-08-05 15:35:05,ETHUSDT,bid,1950,5137.092
2024-08-05 15:35:29,ETHUSDT,bid,2250,7981.341
2024-08-05 15:35:49,ETHUSDT,ask,2400,4509.492
2024-08-05 15:35:52,ETHUSDT,bid,2250,7966.328
2024-08-05 15:35:53,ETHUSDT,ask,2400,4501.105
2024-08-05 15:36:51,ETHUSDT,bid,2250,7968.703
2024-08-05 15:37:08,ETHUSDT,bid,1800,10940.915
2024-08-05 15:37:42,ETHUSDT,ask,2390,4385.22
2024-08-05 15:37:42,ETHUSDT,ask,2400,4501.089
2024-08-05 15:37:50,ETHUSDT,bid,2260,7961.4
2024-08-05 15:37:51,ETHUSDT,ask,2390,4383.547
2024-08-05 15:38:31,ETHUSDT,bid,1800,10940.865
2024-08-05 15:38:32,ETHUSDT,bid,2260,7961.36
2024-08-05 15:38:46,ETHUSDT,bid,1940,5346.182
2024-08-05 15:38:49,ETHUSDT,bid,1940,5146.182
2024-08-05 15:38:50,ETHUSDT,bid,2250,7982.049
2024-08-05 15:38:52,ETHUSDT,bid,1940,5402.183
2024-08-05 15:38:53,ETHUSDT,bid,1940,5202.183
2024-08-05 15:38:56,ETHUSDT,bid,1800,10940.851
2024-08-05 15:39:29,ETHUSDT,bid,1950,5146.512
2024-08-05 15:39:49,ETHUSDT,bid,2240,8002.24
2024-08-05 15:39:50,ETHUSDT,ask,2400,4496.142
2024-08-05 15:40:18,ETHUSDT,bid,1800,10937.285
2024-08-05 15:40:34,ETHUSDT,ask,2400,4496.842
2024-08-05 15:40:36,ETHUSDT,bid,2240,8004.457
2024-08-05 15:40:36,ETHUSDT,bid,2240,8002.24
2024-08-05 15:40:49,ETHUSDT,bid,2240,8020.543
2024-08-05 15:40:53,ETHUSDT,ask,2400,4507.722
2024-08-05 15:41:24,ETHUSDT,bid,1800,10940.851
2024-08-05 15:41:29,ETHUSDT,bid,1800,10940.917
2024-08-05 15:41:48,ETHUSDT,bid,2240,8023.535
2024-08-05 15:41:49,ETHUSDT,bid,1700,10108.769
2024-08-05 15:41:53,ETHUSDT,ask,2400,4496.828
2024-08-05 15:42:40,ETHUSDT,bid,1700,10108.669
2024-08-05 15:42:47,ETHUSDT,bid,2230,8048.588
2024-08-05 15:42:56,ETHUSDT,bid,1750,10357.428
2024-08-05 15:43:02,ETHUSDT,bid,1700,10112.766
2024-08-05 15:43:12,ETHUSDT,bid,1800,10941.917
2024-08-05 15:43:14,ETHUSDT,ask,2400,4496.299
2024-08-05 15:43:29,ETHUSDT,bid,1950,5146.472
2024-08-05 15:43:32,ETHUSDT,bid,1700,10112.784
2024-08-05 15:43:46,ETHUSDT,bid,2230,8049.473
2024-08-05 15:43:47,ETHUSDT,bid,2220,8084.582
2024-08-05 15:44:10,ETHUSDT,bid,1800,10937.436
2024-08-05 15:44:19,ETHUSDT,bid,1800,10937.448
2024-08-05 15:44:24,ETHUSDT,ask,2400,4494.52
2024-08-05 15:44:24,ETHUSDT,ask,2450,4241.782
2024-08-05 15:44:24,ETHUSDT,bid,1700,10113.784
2024-08-05 15:44:27,ETHUSDT,ask,2400,4495.51
2024-08-05 15:44:39,ETHUSDT,bid,1800,10933.308
2024-08-05 15:44:46,ETHUSDT,bid,2220,8073.595
2024-08-05 15:44:48,ETHUSDT,bid,1800,10933.508
2024-08-05 15:44:54,ETHUSDT,ask,2390,4380.432
2024-08-05 15:45:04,ETHUSDT,bid,1800,10932.982
2024-08-05 15:45:07,ETHUSDT,bid,1700,10113.85
2024-08-05 15:45:07,ETHUSDT,bid,1800,10933.048
2024-08-05 15:45:10,ETHUSDT,bid,1800,10933.072
2024-08-05 15:45:10,ETHUSDT,ask,2400,4501.528
2024-08-05 15:45:11,ETHUSDT,ask,2390,4380.38
2024-08-05 15:45:17,ETHUSDT,bid,1800,10933.084
2024-08-05 15:45:19,ETHUSDT,ask,2450,4241.364
2024-08-05 15:45:46,ETHUSDT,bid,2230,8060.301
2024-08-05 15:46:13,ETHUSDT,bid,1800,10932.884
2024-08-05 15:46:30,ETHUSDT,bid,1800,10932.896
2024-08-05 15:46:38,ETHUSDT,bid,1700,10113.862
2024-08-05 15:46:45,ETHUSDT,bid,2230,8052.754
2024-08-05 15:47:14,ETHUSDT,ask,2400,4503.607
2024-08-05 15:47:15,ETHUSDT,ask,2400,4567.967
2024-08-05 15:47:37,ETHUSDT,bid,1750,10361.428
2024-08-05 15:47:45,ETHUSDT,bid,2230,8060.11
2024-08-05 15:48:01,ETHUSDT,ask,2400,4568.017
2024-08-05 15:48:06,ETHUSDT,bid,1800,10932.977
2024-08-05 15:48:29,ETHUSDT,ask,2400,4583.749
2024-08-05 15:48:44,ETHUSDT,bid,2230,8043.973
2024-08-05 15:48:47,ETHUSDT,bid,1800,10934.977
2024-08-05 15:48:53,ETHUSDT,bid,1800,10965.532
2024-08-05 15:49:44,ETHUSDT,bid,2230,8055.277
2024-08-05 15:49:55,ETHUSDT,ask,2390,4310.18
2024-08-05 15:50:00,ETHUSDT,bid,1800,10965.732
2024-08-05 15:50:04,ETHUSDT,ask,2440,4141.07
2024-08-05 15:50:25,ETHUSDT,bid,1800,10965.969
2024-08-05 15:50:43,ETHUSDT,bid,2230,8063.98
2024-08-05 15:50:51,ETHUSDT,ask,2400,4583.921
2024-08-05 15:50:53,ETHUSDT,bid,1800,10965.581
2024-08-05 15:51:11,ETHUSDT,bid,1960,5128.893
2024-08-05 15:51:19,ETHUSDT,bid,1800,10975.548
2024-08-05 15:51:42,ETHUSDT,bid,2230,8046.239
2024-08-05 15:52:42,ETHUSDT,bid,2240,8033.813
2024-08-05 15:53:22,ETHUSDT,ask,2400,4610.446
2024-08-05 15:53:33,ETHUSDT,bid,1700,10113.85
2024-08-05 15:53:33,ETHUSDT,bid,1800,10975.536
2024-08-05 15:53:36,ETHUSDT,bid,1960,5128.904
2024-08-05 15:53:41,ETHUSDT,bid,2230,8045.699
2024-08-05 15:54:25,ETHUSDT,ask,2400,4610.421
2024-08-05 15:54:28,ETHUSDT,bid,1700,10113.968
2024-08-05 15:54:37,ETHUSDT,bid,1940,5149.265
2024-08-05 15:54:41,ETHUSDT,bid,2230,8054.592
2024-08-05 15:55:33,ETHUSDT,ask,2450,4241.553
2024-08-05 15:55:40,ETHUSDT,bid,2240,8023.356
2024-08-05 15:55:45,ETHUSDT,ask,2400,4610.4
2024-08-05 15:55:45,ETHUSDT,ask,2440,4132.267
2024-08-05 15:55:50,ETHUSDT,bid,1800,10974.786
2024-08-05 15:56:09,ETHUSDT,bid,1800,10974.944
2024-08-05 15:56:40,ETHUSDT,bid,2250,8032.143
2024-08-05 15:57:05,ETHUSDT,bid,1800,10974.893
2024-08-05 15:57:39,ETHUSDT,bid,2250,7986.228
2024-08-05 15:57:41,ETHUSDT,ask,2400,4610.474
2024-08-05 15:57:59,ETHUSDT,bid,1800,10975.167
2024-08-05 15:58:34,ETHUSDT,bid,1800,10975.182
2024-08-05 15:58:38,ETHUSDT,bid,2250,7974.093
2024-08-05 15:58:46,ETHUSDT,ask,2400,4570.474
2024-08-05 15:59:33,ETHUSDT,bid,1800,10975.209
2024-08-05 15:59:37,ETHUSDT,ask,2400,4570.459
2024-08-05 15:59:38,ETHUSDT,bid,2250,7990.34
2024-08-05 15:59:41,ETHUSDT,ask,2390,4310.823
2024-08-05 15:59:45,ETHUSDT,ask,2390,4310.738
2024-08-05 15:59:59,ETHUSDT,ask,2400,4570.732
2024-08-05 16:00:04,ETHUSDT,bid,1700,10113.931
2024-08-05 16:00:07,ETHUSDT,bid,1800,10980.763
2024-08-05 16:00:22,ETHUSDT,ask,2400,4570.79
2024-08-05 16:00:27,ETHUSDT,ask,2390,4317.94
2024-08-05 16:00:37,ETHUSDT,bid,2250,7971.868
2024-08-05 16:00:48,ETHUSDT,bid,1960,5128.404
2024-08-05 16:01:15,ETHUSDT,bid,2250,7972.087
2024-08-05 16:01:21,ETHUSDT,ask,2440,4132.244
2024-08-05 16:01:27,ETHUSDT,bid,2250,7971.868
2024-08-05 16:01:36,ETHUSDT,bid,2250,7969.406
2024-08-05 16:01:52,ETHUSDT,bid,1800,10980.889
2024-08-05 16:02:36,ETHUSDT,bid,2260,7963.227
2024-08-05 16:02:41,ETHUSDT,ask,2400,4572.055
2024-08-05 16:03:10,ETHUSDT,bid,1800,10980.901
2024-08-05 16:03:29,ETHUSDT,ask,2400,4572.055
2024-08-05 16:03:35,ETHUSDT,bid,2260,7963.685
2024-08-05 16:03:49,ETHUSDT,ask,2450,4252.232
2024-08-05 16:03:53,ETHUSDT,ask,2450,4286.755
2024-08-05 16:04:27,ETHUSDT,ask,2400,4571.615
2024-08-05 16:04:27,ETHUSDT,ask,2440,4131.781
2024-08-05 16:04:27,ETHUSDT,ask,2450,4287.542
2024-08-05 16:04:34,ETHUSDT,bid,2260,7957.981
2024-08-05 16:04:56,ETHUSDT,ask,2450,4288.182
2024-08-05 16:05:13,ETHUSDT,ask,2450,4289.182
2024-08-05 16:05:28,ETHUSDT,ask,2400,4571.565
2024-08-05 16:05:34,ETHUSDT,bid,2260,7956.303
2024-08-05 16:06:14,ETHUSDT,ask,2400,4571.686
2024-08-05 16:06:24,ETHUSDT,bid,1800,10981.329
2024-08-05 16:06:33,ETHUSDT,bid,2260,7949.511
2024-08-05 16:06:54,ETHUSDT,ask,2450,4289.239
2024-08-05 16:07:12,ETHUSDT,bid,1800,10981.341
2024-08-05 16:07:33,ETHUSDT,bid,2260,7955.125
2024-08-05 16:07:53,ETHUSDT,ask,2390,4316.003
2024-08-05 16:08:07,ETHUSDT,bid,1800,10980.786
2024-08-05 16:08:24,ETHUSDT,bid,1750,10361.236
2024-08-05 16:08:32,ETHUSDT,bid,2260,7957.946
2024-08-05 16:08:39,ETHUSDT,bid,1800,10980.821
2024-08-05 16:08:53,ETHUSDT,bid,1700,10113.994
2024-08-05 16:08:57,ETHUSDT,ask,2450,4289.333
2024-08-05 16:09:02,ETHUSDT,bid,1700,10113.704
2024-08-05 16:09:03,ETHUSDT,bid,1800,10983.511
2024-08-05 16:09:12,ETHUSDT,ask,2400,4571.371
2024-08-05 16:09:20,ETHUSDT,ask,2400,4571.496
2024-08-05 16:09:22,ETHUSDT,bid,1750,10398.736
2024-08-05 16:09:30,ETHUSDT,bid,1700,10113.641
2024-08-05 16:09:32,ETHUSDT,bid,2250,7967.21
2024-08-05 16:09:32,ETHUSDT,ask,2400,4602.13
2024-08-05 16:09:47,ETHUSDT,bid,1750,10361.236
2024-08-05 16:09:57,ETHUSDT,bid,1950,5146.672
2024-08-05 16:10:04,ETHUSDT,bid,1940,5202.383
2024-08-05 16:10:05,ETHUSDT,ask,2400,4602.072
2024-08-05 16:10:19,ETHUSDT,bid,1950,5139.649
2024-08-05 16:10:28,ETHUSDT,ask,2390,4314.437
2024-08-05 16:10:31,ETHUSDT,bid,2250,7997.547
2024-08-05 16:10:37,ETHUSDT,bid,1700,10113.758
2024-08-05 16:10:56,ETHUSDT,bid,1800,10983.871
2024-08-05 16:11:08,ETHUSDT,bid,1950,5146.492
2024-08-05 16:11:13,ETHUSDT,bid,1940,5202.203
2024-08-05 16:11:18,ETHUSDT,ask,2390,4314.245
2024-08-05 16:11:30,ETHUSDT,bid,2240,8033.334
2024-08-05 16:11:42,ETHUSDT,bid,2240,8031.125
2024-08-05 16:12:05,ETHUSDT,bid,1800,10980.932
2024-08-05 16:12:29,ETHUSDT,bid,2230,8036.301
2024-08-05 16:13:20,ETHUSDT,ask,2400,4602.1
2024-08-05 16:13:29,ETHUSDT,bid,2240,8017.531
2024-08-05 16:13:40,ETHUSDT,bid,1750,10354.201
2024-08-05 16:13:56,ETHUSDT,bid,1700,10114.816
2024-08-05 16:14:06,ETHUSDT,ask,2450,4252.698
2024-08-05 16:14:11,ETHUSDT,bid,1700,10114.934
2024-08-05 16:14:15,ETHUSDT,ask,2390,4313.931
2024-08-05 16:14:18,ETHUSDT,bid,1700,10113.758
2024-08-05 16:14:18,ETHUSDT,bid,1800,10982.042
2024-08-05 16:14:28,ETHUSDT,bid,2240,8000.106
2024-08-05 16:15:09,ETHUSDT,ask,2550,4268.231
2024-08-05 16:15:22,ETHUSDT,bid,1700,10113.746
2024-08-05 16:15:22,ETHUSDT,bid,1800,10981.614
2024-08-05 16:15:27,ETHUSDT,bid,2240,8008.97
2024-08-05 16:15:29,ETHUSDT,bid,1700,10113.734
2024-08-05 16:15:40,ETHUSDT,bid,1800,10981.667
2024-08-05 16:15:40,ETHUSDT,ask,2400,4624.666
2024-08-05 16:15:52,ETHUSDT,ask,2400,4625.684
2024-08-05 16:15:55,ETHUSDT,ask,2550,4268.191
2024-08-05 16:16:11,ETHUSDT,bid,1800,10982.31
2024-08-05 16:16:26,ETHUSDT,bid,2240,8006.024
2024-08-05 16:16:31,ETHUSDT,bid,1700,10113.617
2024-08-05 16:16:35,ETHUSDT,bid,1800,10982.718
2024-08-05 16:16:37,ETHUSDT,bid,1800,10982.652
2024-08-05 16:16:49,ETHUSDT,ask,2450,4252.784
2024-08-05 16:16:49,ETHUSDT,bid,1800,10982.64
2024-08-05 16:17:04,ETHUSDT,ask,2450,4252.901
2024-08-05 16:17:16,ETHUSDT,ask,2450,4253.992
2024-08-05 16:17:18,ETHUSDT,ask,2580,3943.009
2024-08-05 16:17:26,ETHUSDT,bid,2250,7984.244
2024-08-05 16:17:36,ETHUSDT,ask,2390,4313.931
2024-08-05 16:17:41,ETHUSDT,bid,1750,10359.914
2024-08-05 16:17:41,ETHUSDT,ask,2400,4625.738
2024-08-05 16:17:52,ETHUSDT,ask,2400,4625.738
2024-08-05 16:18:25,ETHUSDT,bid,2260,7962.604
2024-08-05 16:18:32,ETHUSDT,bid,1800,10982.482
2024-08-05 16:18:43,ETHUSDT,ask,2390,4313.933
2024-08-05 16:18:54,ETHUSDT,bid,1800,10982.782
2024-08-05 16:18:58,ETHUSDT,ask,2400,4632.769
2024-08-05 16:19:01,ETHUSDT,bid,1800,10982.943
2024-08-05 16:19:06,ETHUSDT,bid,1750,10372.006
2024-08-05 16:19:25,ETHUSDT,bid,2250,7975.506
2024-08-05 16:20:24,ETHUSDT,bid,2250,7966.258
2024-08-05 16:20:24,ETHUSDT,ask,2400,4632.336
2024-08-05 16:20:32,ETHUSDT,bid,1750,10370.864
2024-08-05 16:20:36,ETHUSDT,ask,2400,4629.44
2024-08-05 16:20:57,ETHUSDT,ask,2400,4628.751
2024-08-05 16:21:12,ETHUSDT,bid,1950,5137.092
2024-08-05 16:21:20,ETHUSDT,ask,2400,4630.834
2024-08-05 16:21:24,ETHUSDT,bid,2250,7966.681
2024-08-05 16:21:43,ETHUSDT,bid,1800,10981.555
2024-08-05 16:22:15,ETHUSDT,bid,1750,10370.766
2024-08-05 16:22:23,ETHUSDT,bid,2260,7960.133
2024-08-05 16:22:42,ETHUSDT,bid,1940,5202.183
2024-08-05 16:22:42,ETHUSDT,bid,1950,5146.472
2024-08-05 16:22:42,ETHUSDT,ask,2460,4060.94
2024-08-05 16:22:42,ETHUSDT,ask,2460,4157.603
2024-08-05 16:23:00,ETHUSDT,ask,2400,4630.797
2024-08-05 16:23:07,ETHUSDT,bid,1700,10113.635
2024-08-05 16:23:16,ETHUSDT,bid,1700,10113.78
2024-08-05 16:23:16,ETHUSDT,bid,1800,10981.418
2024-08-05 16:23:17,ETHUSDT,ask,2390,4314.354
2024-08-05 16:23:22,ETHUSDT,bid,2250,7983.231
2024-08-05 16:23:49,ETHUSDT,bid,1800,10981.448
2024-08-05 16:24:22,ETHUSDT,bid,2250,7970.915
2024-08-05 16:24:26,ETHUSDT,ask,2450,4248.693
2024-08-05 16:24:55,ETHUSDT,bid,1800,10983.448
2024-08-05 16:25:00,ETHUSDT,bid,1800,10983.376
2024-08-05 16:25:17,ETHUSDT,ask,2390,4319.354
2024-08-05 16:25:21,ETHUSDT,bid,2250,7973.067
2024-08-05 16:25:24,ETHUSDT,bid,2250,7972.015
2024-08-05 16:26:18,ETHUSDT,ask,2460,4157.613
2024-08-05 16:26:21,ETHUSDT,bid,2240,8015.353
2024-08-05 16:26:38,ETHUSDT,bid,1750,10376.48
2024-08-05 16:26:58,ETHUSDT,ask,2400,4631.076
2024-08-05 16:27:08,ETHUSDT,ask,2390,4295.275
2024-08-05 16:27:12,ETHUSDT,ask,2400,4633.317
2024-08-05 16:27:14,ETHUSDT,bid,1800,10982.821
2024-08-05 16:27:20,ETHUSDT,bid,2240,8015.318
2024-08-05 16:27:20,ETHUSDT,ask,2400,4633.294
2024-08-05 16:27:22,ETHUSDT,bid,1750,10356.48
2024-08-05 16:27:45,ETHUSDT,bid,1800,10982.95
2024-08-05 16:28:05,ETHUSDT,ask,2400,4634.62
2024-08-05 16:28:19,ETHUSDT,bid,2250,7975.824
2024-08-05 16:28:52,ETHUSDT,ask,2400,4633.233
2024-08-05 16:28:57,ETHUSDT,ask,2390,4295.275
2024-08-05 16:29:19,ETHUSDT,bid,2250,7977.061
2024-08-05 16:29:43,ETHUSDT,ask,2460,4157.756
2024-08-05 16:29:49,ETHUSDT,bid,1800,10982.395
2024-08-05 16:30:18,ETHUSDT,bid,2250,7999.093
2024-08-05 16:30:38,ETHUSDT,ask,2660,3747.824
2024-08-05 16:31:14,ETHUSDT,bid,1800,10982.382
2024-08-05 16:31:18,ETHUSDT,bid,2250,7989.205
2024-08-05 16:31:54,ETHUSDT,bid,1750,10360.122
2024-08-05 16:32:06,ETHUSDT,ask,2550,4269.267
2024-08-05 16:32:17,ETHUSDT,bid,2250,7987.053
2024-08-05 16:32:42,ETHUSDT,ask,2550,4275.597
2024-08-05 16:32:52,ETHUSDT,bid,1700,10113.338
2024-08-05 16:33:17,ETHUSDT,bid,2250,7992.256
2024-08-05 16:33:24,ETHUSDT,ask,2390,4295.48
2024-08-05 16:33:51,ETHUSDT,bid,1700,10113.352
2024-08-05 16:33:51,ETHUSDT,bid,1800,10982.396
2024-08-05 16:33:53,ETHUSDT,bid,1700,10114.59
2024-08-05 16:33:59,ETHUSDT,ask,2390,4295.48
2024-08-05 16:34:16,ETHUSDT,bid,2250,7993.221
2024-08-05 16:34:30,ETHUSDT,bid,1800,10981.796
2024-08-05 16:34:42,ETHUSDT,ask,2400,4634.573
2024-08-05 16:35:16,ETHUSDT,bid,2250,7998.115
2024-08-05 16:35:27,ETHUSDT,bid,1800,10979.796
2024-08-05 16:35:29,ETHUSDT,ask,2400,4634.593
2024-08-05 16:35:29,ETHUSDT,ask,2400,4634.613
2024-08-05 16:35:42,ETHUSDT,ask,2390,4309.989
2024-08-05 16:36:10,ETHUSDT,ask,2400,4634.179
2024-08-05 16:36:15,ETHUSDT,bid,1700,10114.69
2024-08-05 16:36:15,ETHUSDT,bid,2250,7988.283
2024-08-05 16:36:16,ETHUSDT,bid,1800,10979.826
2024-08-05 16:36:27,ETHUSDT,bid,1700,10114.636
2024-08-05 16:37:15,ETHUSDT,bid,2240,8005.372
2024-08-05 16:37:57,ETHUSDT,bid,1800,10979.814
2024-08-05 16:38:00,ETHUSDT,ask,2400,4632.132
2024-08-05 16:38:14,ETHUSDT,bid,2240,8010.94
2024-08-05 16:39:10,ETHUSDT,bid,1950,5137.106
2024-08-05 16:39:13,ETHUSDT,bid,2240,8008.293
2024-08-05 16:39:49,ETHUSDT,bid,2240,8008.328
2024-08-05 16:39:49,ETHUSDT,bid,2240,8008.293
2024-08-05 16:39:49,ETHUSDT,bid,2240,8008.328
2024-08-05 16:39:49,ETHUSDT,bid,2240,8008.293
2024-08-05 16:39:50,ETHUSDT,bid,2240,8008.383
2024-08-05 16:39:57,ETHUSDT,ask,2480,4031.764
2024-08-05 16:40:02,ETHUSDT,bid,2240,8008.293
2024-08-05 16:40:06,ETHUSDT,ask,2400,4631.687
2024-08-05 16:40:13,ETHUSDT,bid,2240,8014.14
2024-08-05 16:40:14,ETHUSDT,bid,1750,10362.125
2024-08-05 16:40:39,ETHUSDT,ask,2450,4243.136
2024-08-05 16:41:06,ETHUSDT,bid,1800,10979.784
2024-08-05 16:41:12,ETHUSDT,bid,2250,7991.739
2024-08-05 16:41:48,ETHUSDT,ask,2400,4648.399
2024-08-05 16:42:12,ETHUSDT,bid,2250,7997.192
2024-08-05 16:42:14,ETHUSDT,ask,2400,4647.142
2024-08-05 16:43:11,ETHUSDT,bid,2250,8026.334
2024-08-05 16:43:22,ETHUSDT,ask,2550,4275.329
2024-08-05 16:43:41,ETHUSDT,ask,2450,4242.336
2024-08-05 16:43:46,ETHUSDT,bid,1700,10114.342
2024-08-05 16:43:46,ETHUSDT,bid,1750,10361.84
2024-08-05 16:43:46,ETHUSDT,bid,1800,10979.507
2024-08-05 16:43:50,ETHUSDT,ask,2400,4645.974
2024-08-05 16:43:52,ETHUSDT,ask,2440,4130.696
2024-08-05 16:43:53,ETHUSDT,ask,2450,4241.136
2024-08-05 16:44:11,ETHUSDT,bid,2240,8022.82
2024-08-05 16:44:12,ETHUSDT,ask,2390,4295.889
2024-08-05 16:44:42,ETHUSDT,bid,1800,10979.625
2024-08-05 16:45:10,ETHUSDT,bid,2230,8052.093
2024-08-05 16:46:09,ETHUSDT,bid,2230,8044.62
2024-08-05 16:46:46,ETHUSDT,bid,1700,10144.744
2024-08-05 16:47:09,ETHUSDT,bid,2230,8070.011
2024-08-05 16:47:24,ETHUSDT,ask,2400,4642.396
2024-08-05 16:47:38,ETHUSDT,ask,2390,4295.336
2024-08-05 16:47:45,ETHUSDT,bid,1800,10979.424
2024-08-05 16:47:46,ETHUSDT,bid,1800,10979.412
2024-08-05 16:47:48,ETHUSDT,bid,2230,8081.206
2024-08-05 16:47:49,ETHUSDT,bid,2230,8070.011
2024-08-05 16:47:55,ETHUSDT,bid,1700,10143.183
2024-08-05 16:47:55,ETHUSDT,bid,1800,10978.259
2024-08-05 16:47:59,ETHUSDT,bid,1700,10143.3
2024-08-05 16:48:07,ETHUSDT,bid,1700,10144.316
2024-08-05 16:48:08,ETHUSDT,bid,2220,8105.223
2024-08-05 16:48:21,ETHUSDT,bid,1800,10978.563
2024-08-05 16:49:07,ETHUSDT,bid,2210,8144.648
2024-08-05 16:49:28,ETHUSDT,bid,1750,10368.073
2024-08-05 16:50:07,ETHUSDT,bid,2210,8142.217
2024-08-05 16:50:07,ETHUSDT,bid,1750,10368.126
2024-08-05 16:50:25,ETHUSDT,bid,1700,10144.344
2024-08-05 16:50:25,ETHUSDT,bid,1800,10978.59
2024-08-05 16:50:25,ETHUSDT,bid,1960,5128.429
2024-08-05 16:51:03,ETHUSDT,bid,1800,10995.687
2024-08-05 16:51:05,ETHUSDT,bid,1800,10995.729
2024-08-05 16:51:06,ETHUSDT,bid,1750,10368.697
2024-08-05 16:51:06,ETHUSDT,bid,2210,8125.567
2024-08-05 16:51:23,ETHUSDT,bid,1800,10995.784
2024-08-05 16:51:35,ETHUSDT,bid,1800,11495.784
2024-08-05 16:51:37,ETHUSDT,bid,1800,11495.729
2024-08-05 16:52:06,ETHUSDT,bid,2220,8096.328
2024-08-05 16:52:19,ETHUSDT,bid,1800,10995.729
2024-08-05 16:52:23,ETHUSDT,ask,2390,4298.835
2024-08-05 16:52:35,ETHUSDT,bid,1800,10991.729
2024-08-05 16:52:47,ETHUSDT,ask,2400,4623.725
2024-08-05 16:52:58,ETHUSDT,bid,1800,10990.729
2024-08-05 16:53:05,ETHUSDT,bid,2210,8109.203
2024-08-05 16:53:39,ETHUSDT,bid,1750,10367.575
2024-08-05 16:53:42,ETHUSDT,bid,1800,10990.841
2024-08-05 16:53:46,ETHUSDT,bid,1800,10991.841
2024-08-05 16:54:05,ETHUSDT,bid,2220,8076.84
2024-08-05 16:54:39,ETHUSDT,bid,1800,10991.853
2024-08-05 16:54:49,ETHUSDT,bid,1800,10992.853
2024-08-05 16:54:51,ETHUSDT,bid,1960,5126.429
2024-08-05 16:55:04,ETHUSDT,bid,2220,8076.252
2024-08-05 16:55:34,ETHUSDT,ask,2400,4638.583
2024-08-05 16:55:45,ETHUSDT,ask,2400,4638.598
2024-08-05 16:56:03,ETHUSDT,bid,2230,8071.676
2024-08-05 16:56:31,ETHUSDT,bid,1800,10993.528
2024-08-05 16:57:03,ETHUSDT,bid,2230,8064.985
2024-08-05 16:57:18,ETHUSDT,bid,1800,10993.583
2024-08-05 16:57:32,ETHUSDT,ask,2400,4642.933
2024-08-05 16:57:37,ETHUSDT,ask,2400,4638.433
2024-08-05 16:57:48,ETHUSDT,ask,2440,4128.568
2024-08-05 16:57:57,ETHUSDT,ask,2400,4638.425
2024-08-05 16:58:02,ETHUSDT,bid,2230,8042.679
2024-08-05 16:58:06,ETHUSDT,bid,1700,10144.286
2024-08-05 16:58:55,ETHUSDT,bid,1750,10369.86
2024-08-05 16:59:01,ETHUSDT,bid,2230,8038.262
2024-08-05 16:59:48,ETHUSDT,bid,1950,5136.927
2024-08-05 17:00:01,ETHUSDT,bid,2240,8012.998
2024-08-05 17:00:40,ETHUSDT,ask,2450,4221.253
2024-08-05 17:01:00,ETHUSDT,bid,2240,8028.456
2024-08-05 17:01:09,ETHUSDT,bid,1800,10993.598
2024-08-05 17:01:14,ETHUSDT,bid,1800,10993.583
2024-08-05 17:01:18,ETHUSDT,ask,2400,4762.935
2024-08-05 17:01:34,ETHUSDT,ask,2390,4291.835
2024-08-05 17:02:00,ETHUSDT,bid,2240,8006.44
2024-08-05 17:02:01,ETHUSDT,bid,1750,10370.031
2024-08-05 17:02:09,ETHUSDT,ask,2390,4291.855
2024-08-05 17:02:09,ETHUSDT,ask,2400,4762.955
2024-08-05 17:02:59,ETHUSDT,bid,2240,8033.024
2024-08-05 17:03:08,ETHUSDT,ask,2400,4762.977
2024-08-05 17:03:33,ETHUSDT,bid,1800,10998.835
2024-08-05 17:03:59,ETHUSDT,bid,2240,8031.841
2024-08-05 17:04:16,ETHUSDT,ask,2550,4271.75
2024-08-05 17:04:57,ETHUSDT,bid,1800,10997.725
2024-08-05 17:04:58,ETHUSDT,bid,2230,8035.843
2024-08-05 17:05:20,ETHUSDT,ask,2620,3819.537
2024-08-05 17:05:37,ETHUSDT,bid,1800,10997.863
2024-08-05 17:05:57,ETHUSDT,bid,2240,8028.259
2024-08-05 17:06:07,ETHUSDT,bid,1800,11000.641
2024-08-05 17:06:11,ETHUSDT,bid,1700,10147.227
2024-08-05 17:06:29,ETHUSDT,ask,2580,3943.259
2024-08-05 17:06:39,ETHUSDT,bid,1800,11000.606
2024-08-05 17:06:57,ETHUSDT,bid,2230,8057.079
2024-08-05 17:07:05,ETHUSDT,ask,2450,4224.498
2024-08-05 17:07:10,ETHUSDT,ask,2400,4762.959
2024-08-05 17:07:24,ETHUSDT,ask,2450,4224.347
2024-08-05 17:07:31,ETHUSDT,bid,1960,5126.582
2024-08-05 17:07:56,ETHUSDT,bid,2220,8102.669
2024-08-05 17:08:12,ETHUSDT,bid,1960,5126.371
2024-08-05 17:08:28,ETHUSDT,bid,1800,11000.594
2024-08-05 17:08:56,ETHUSDT,bid,2220,8092.615
2024-08-05 17:09:08,ETHUSDT,bid,1750,10370.095
2024-08-05 17:09:47,ETHUSDT,bid,1700,10144.286
2024-08-05 17:09:47,ETHUSDT,bid,1800,11003.372
2024-08-05 17:09:55,ETHUSDT,bid,2220,8105.844
2024-08-05 17:10:00,ETHUSDT,bid,1800,11002.372
2024-08-05 17:10:07,ETHUSDT,bid,1950,5136.958
2024-08-05 17:10:54,ETHUSDT,bid,2220,8104.395
2024-08-05 17:11:03,ETHUSDT,bid,1950,5143.972
2024-08-05 17:11:18,ETHUSDT,ask,2400,4745.412
2024-08-05 17:11:22,ETHUSDT,bid,1950,5137.219
2024-08-05 17:11:58,ETHUSDT,bid,1800,10984.19
2024-08-05 17:12:14,ETHUSDT,bid,1750,10370.41
2024-08-05 17:12:33,ETHUSDT,bid,1700,10140.286
2024-08-05 17:12:39,ETHUSDT,bid,1800,10984.245
2024-08-05 17:12:53,ETHUSDT,bid,2220,8103.071
2024-08-05 17:13:02,ETHUSDT,bid,1800,10984.19
2024-08-05 17:13:20,ETHUSDT,bid,1800,10985.19
2024-08-05 17:13:25,ETHUSDT,ask,2400,4729.763
2024-08-05 17:13:44,ETHUSDT,bid,1800,10986.023
2024-08-05 17:13:47,ETHUSDT,bid,1800,10989.023
2024-08-05 17:13:50,ETHUSDT,bid,1750,10386.142
2024-08-05 17:13:50,ETHUSDT,bid,1700,16022.638
2024-08-05 17:13:53,ETHUSDT,bid,2210,8132.412
2024-08-05 17:13:56,ETHUSDT,bid,1680,6002.895
2024-08-05 17:13:56,ETHUSDT,bid,1800,10990.523
2024-08-05 17:13:57,ETHUSDT,bid,1700,16025.638
2024-08-05 17:13:58,ETHUSDT,bid,1800,10990.578
2024-08-05 17:14:13,ETHUSDT,bid,1800,10991.428
2024-08-05 17:14:14,ETHUSDT,bid,1710,6085.157
2024-08-05 17:14:16,ETHUSDT,ask,2400,4599.764
2024-08-05 17:14:27,ETHUSDT,bid,1800,10990.743
2024-08-05 17:14:30,ETHUSDT,ask,2450,4224.382
2024-08-05 17:14:52,ETHUSDT,bid,2210,8122.816
2024-08-05 17:14:58,ETHUSDT,bid,1950,5137.791
2024-08-05 17:15:02,ETHUSDT,bid,1750,10386.427
2024-08-05 17:15:31,ETHUSDT,bid,1800,10988.743
2024-08-05 17:15:35,ETHUSDT,ask,2450,4224.348
2024-08-05 17:15:39,ETHUSDT,bid,1800,10986.522
2024-08-05 17:15:40,ETHUSDT,bid,1700,16023.638
2024-08-05 17:15:44,ETHUSDT,bid,2210,8123.71
2024-08-05 17:15:51,ETHUSDT,bid,2200,8169.637
2024-08-05 17:16:05,ETHUSDT,bid,1960,5131.473
2024-08-05 17:16:09,ETHUSDT,bid,1800,10986.722
2024-08-05 17:16:29,ETHUSDT,bid,1800,10996.722
2024-08-05 17:16:32,ETHUSDT,bid,1700,16033.638
2024-08-05 17:16:50,ETHUSDT,bid,2200,8165.709
2024-08-05 17:17:21,ETHUSDT,bid,1750,10386.445
2024-08-05 17:17:39,ETHUSDT,bid,1800,10996.777
2024-08-05 17:17:50,ETHUSDT,bid,2200,8173.867
2024-08-05 17:17:54,ETHUSDT,bid,1800,10996.79
2024-08-05 17:18:49,ETHUSDT,bid,2200,8155.756
2024-08-05 17:19:05,ETHUSDT,bid,1700,16033.696
2024-08-05 17:19:22,ETHUSDT,bid,1800,10991.538
2024-08-05 17:19:24,ETHUSDT,bid,1950,5137.76
2024-08-05 17:19:48,ETHUSDT,bid,2200,8153.466
2024-08-05 17:20:01,ETHUSDT,ask,2390,4287.294
2024-08-05 17:20:01,ETHUSDT,bid,1700,16033.904
2024-08-05 17:20:01,ETHUSDT,ask,2450,4224.403
2024-08-05 17:20:02,ETHUSDT,bid,1800,10990.89
2024-08-05 17:20:18,ETHUSDT,bid,1800,10991.445
2024-08-05 17:20:48,ETHUSDT,bid,2200,8169.27
2024-08-05 17:20:56,ETHUSDT,ask,2400,4565.83
2024-08-05 17:21:07,ETHUSDT,bid,1950,5143.992
2024-08-05 17:21:12,ETHUSDT,bid,1940,5202.203
2024-08-05 17:21:46,ETHUSDT,bid,1750,10382.445
2024-08-05 17:21:47,ETHUSDT,bid,2190,8205.726
2024-08-05 17:22:00,ETHUSDT,bid,1750,10384.445
2024-08-05 17:22:02,ETHUSDT,bid,1750,10382.445
2024-08-05 17:22:07,ETHUSDT,bid,1800,10991.334
2024-08-05 17:22:08,ETHUSDT,bid,1700,16033.787
2024-08-05 17:22:15,ETHUSDT,bid,1800,10991.321
2024-08-05 17:22:20,ETHUSDT,ask,2480,4037.999
2024-08-05 17:22:20,ETHUSDT,ask,2480,4037.959
2024-08-05 17:22:22,ETHUSDT,bid,1700,16033.82
2024-08-05 17:22:30,ETHUSDT,bid,1800,10991.39
2024-08-05 17:22:35,ETHUSDT,bid,1750,10382.516
2024-08-05 17:22:38,ETHUSDT,bid,1700,16033.893
2024-08-05 17:22:47,ETHUSDT,bid,2190,8189.821
2024-08-05 17:23:08,ETHUSDT,bid,1700,16034.393
2024-08-05 17:23:18,ETHUSDT,bid,1960,5129.943
2024-08-05 17:23:20,ETHUSDT,bid,1800,10990.54
2024-08-05 17:23:37,ETHUSDT,bid,1750,10382.687
2024-08-05 17:23:46,ETHUSDT,bid,2190,8186.06
2024-08-05 17:23:51,ETHUSDT,bid,1800,10995.748
2024-08-05 17:24:14,ETHUSDT,bid,1800,10995.736
2024-08-05 17:24:14,ETHUSDT,bid,1960,5129.931
2024-08-05 17:24:14,ETHUSDT,ask,2400,4566.775
2024-08-05 17:24:14,ETHUSDT,ask,2440,4128.566
2024-08-05 17:24:36,ETHUSDT,bid,1800,11395.736
2024-08-05 17:24:38,ETHUSDT,bid,1800,11395.667
2024-08-05 17:24:39,ETHUSDT,bid,1750,10382.616
2024-08-05 17:24:39,ETHUSDT,bid,1700,16034.32
2024-08-05 17:24:46,ETHUSDT,bid,2200,8169.452
2024-08-05 17:24:59,ETHUSDT,ask,2580,3943.467
2024-08-05 17:25:13,ETHUSDT,bid,1800,11396.167
2024-08-05 17:25:31,ETHUSDT,bid,1700,16033.82
2024-08-05 17:25:39,ETHUSDT,ask,2450,4224.421
2024-08-05 17:25:39,ETHUSDT,ask,2460,4060.998
2024-08-05 17:25:45,ETHUSDT,bid,2200,8179.81
2024-08-05 17:25:45,ETHUSDT,bid,1750,10383.116
2024-08-05 17:25:45,ETHUSDT,bid,1800,11395.667
2024-08-05 17:25:48,ETHUSDT,bid,1800,11410.667
2024-08-05 17:25:53,ETHUSDT,bid,1700,16048.82
2024-08-05 17:26:09,ETHUSDT,bid,1700,16049.001
2024-08-05 17:26:16,ETHUSDT,bid,1960,5208.45
2024-08-05 17:26:44,ETHUSDT,bid,2200,8182.405
2024-08-05 17:26:51,ETHUSDT,ask,2400,4566.133
2024-08-05 17:26:56,ETHUSDT,bid,1800,11410.586
2024-08-05 17:27:02,ETHUSDT,bid,1960,5208.461
2024-08-05 17:27:14,ETHUSDT,bid,1700,16049.018
2024-08-05 17:27:30,ETHUSDT,bid,1800,11413.241
2024-08-05 17:27:42,ETHUSDT,bid,1960,5208.501
2024-08-05 17:27:42,ETHUSDT,ask,2440,4128.598
2024-08-05 17:27:42,ETHUSDT,ask,2460,4061.029
2024-08-05 17:27:44,ETHUSDT,bid,2190,8211.791
2024-08-05 17:27:44,ETHUSDT,bid,1960,5209.495
2024-08-05 17:27:49,ETHUSDT,bid,1800,11413.135
2024-08-05 17:27:49,ETHUSDT,bid,1960,5209.592
2024-08-05 17:27:51,ETHUSDT,bid,1800,11413.072
2024-08-05 17:28:14,ETHUSDT,bid,1750,10371.024
2024-08-05 17:28:26,ETHUSDT,bid,1800,11413.088
2024-08-05 17:28:39,ETHUSDT,bid,1800,11413.726
2024-08-05 17:28:43,ETHUSDT,bid,2190,8211.978
2024-08-05 17:28:57,ETHUSDT,ask,2400,4565.958
2024-08-05 17:29:07,ETHUSDT,bid,1950,5151.492
2024-08-05 17:29:11,ETHUSDT,bid,1750,10365.31
2024-08-05 17:29:18,ETHUSDT,bid,1800,11413.864
2024-08-05 17:29:23,ETHUSDT,bid,1750,10365.452
2024-08-05 17:29:27,ETHUSDT,bid,1700,16049.165
2024-08-05 17:29:33,ETHUSDT,bid,1960,5209.623
2024-08-05 17:29:38,ETHUSDT,bid,1750,10543.382
2024-08-05 17:29:39,ETHUSDT,bid,1800,11413.902
2024-08-05 17:29:42,ETHUSDT,bid,2190,8199.906
2024-08-05 17:29:51,ETHUSDT,bid,1950,5152.492
2024-08-05 17:29:58,ETHUSDT,ask,2480,4037.979
2024-08-05 17:29:58,ETHUSDT,bid,1950,5152.392
2024-08-05 17:30:02,ETHUSDT,bid,1750,10544.729
2024-08-05 17:30:07,ETHUSDT,bid,1950,5144.892
2024-08-05 17:30:41,ETHUSDT,ask,2400,4565.843
2024-08-05 17:30:42,ETHUSDT,bid,2190,8187.448
2024-08-05 17:30:48,ETHUSDT,bid,1800,11414.334
2024-08-05 17:30:50,ETHUSDT,bid,1750,10543.382
2024-08-05 17:31:01,ETHUSDT,bid,1750,10543.667
2024-08-05 17:31:26,ETHUSDT,bid,1800,11414.39
2024-08-05 17:31:30,ETHUSDT,bid,1800,11409.182
2024-08-05 17:31:41,ETHUSDT,bid,2200,8169.834
2024-08-05 17:32:05,ETHUSDT,bid,1800,11409.626
2024-08-05 17:32:17,ETHUSDT,bid,1700,16049.361
2024-08-05 17:32:23,ETHUSDT,ask,2440,4128.497
2024-08-05 17:32:25,ETHUSDT,bid,1800,11422.253
2024-08-05 17:32:40,ETHUSDT,bid,2190,8187.661
2024-08-05 17:33:20,ETHUSDT,bid,1750,10543.496
2024-08-05 17:33:30,ETHUSDT,bid,1800,11422.293
2024-08-05 17:33:40,ETHUSDT,bid,2190,8182.078
2024-08-05 17:33:49,ETHUSDT,ask,2450,4223.16
2024-08-05 17:33:51,ETHUSDT,ask,2450,4223.251
2024-08-05 17:34:26,ETHUSDT,bid,1700,16045.264
2024-08-05 17:34:33,ETHUSDT,bid,1700,16050.037
2024-08-05 17:34:37,ETHUSDT,ask,2400,4542.101
2024-08-05 17:34:39,ETHUSDT,bid,2180,8221.167
2024-08-05 17:34:47,ETHUSDT,ask,2580,3943.217
2024-08-05 17:34:48,ETHUSDT,bid,1750,10544.842
2024-08-05 17:34:51,ETHUSDT,bid,1750,10545.127
2024-08-05 17:35:01,ETHUSDT,bid,1800,11423.293
2024-08-05 17:35:06,ETHUSDT,bid,1950,5144.973
2024-08-05 17:35:07,ETHUSDT,bid,1800,11425.893
2024-08-05 17:35:08,ETHUSDT,bid,1800,11426.893
2024-08-05 17:35:10,ETHUSDT,bid,1750,10545.413
2024-08-05 17:35:14,ETHUSDT,bid,1800,11427.393
2024-08-05 17:35:23,ETHUSDT,bid,1750,10544.913
2024-08-05 17:35:30,ETHUSDT,bid,1700,16050.199
2024-08-05 17:35:32,ETHUSDT,bid,1750,10544.841
2024-08-05 17:35:39,ETHUSDT,bid,2180,8231.355
2024-08-05 17:35:43,ETHUSDT,ask,2550,4268.739
2024-08-05 17:35:52,ETHUSDT,bid,1750,10544.787
2024-08-05 17:36:14,ETHUSDT,bid,1750,10545.287
2024-08-05 17:36:27,ETHUSDT,bid,1950,5139.496
2024-08-05 17:36:31,ETHUSDT,bid,1680,6005.319
2024-08-05 17:36:36,ETHUSDT,bid,1800,11427.281
2024-08-05 17:36:38,ETHUSDT,bid,1950,5137.76
2024-08-05 17:36:38,ETHUSDT,bid,2170,8285.995
2024-08-05 17:36:39,ETHUSDT,bid,1800,11428.081
2024-08-05 17:36:42,ETHUSDT,bid,1750,10545.139
2024-08-05 17:36:52,ETHUSDT,bid,2170,8308.984
2024-08-05 17:36:53,ETHUSDT,bid,2170,8285.995
2024-08-05 17:36:54,ETHUSDT,bid,1750,10480.139
2024-08-05 17:37:02,ETHUSDT,bid,1800,11428.151
2024-08-05 17:37:03,ETHUSDT,bid,1800,11429.82
2024-08-05 17:37:23,ETHUSDT,bid,2170,8301.184
2024-08-05 17:37:24,ETHUSDT,bid,1800,11429.796
2024-08-05 17:37:37,ETHUSDT,bid,1960,5211.645
2024-08-05 17:37:37,ETHUSDT,bid,2160,8321.429
2024-08-05 17:37:38,ETHUSDT,bid,1960,5212.145
2024-08-05 17:37:54,ETHUSDT,bid,1960,5212.166
2024-08-05 17:37:59,ETHUSDT,bid,1700,16050.474
2024-08-05 17:38:13,ETHUSDT,bid,1960,5212.221
2024-08-05 17:38:15,ETHUSDT,ask,2390,4283.083
2024-08-05 17:38:15,ETHUSDT,ask,2400,4540.957
2024-08-05 17:38:20,ETHUSDT,bid,1800,11435.024
2024-08-05 17:38:22,ETHUSDT,bid,1700,16052.238
2024-08-05 17:38:22,ETHUSDT,bid,1800,11433.358
2024-08-05 17:38:24,ETHUSDT,bid,1710,6085.797
2024-08-05 17:38:37,ETHUSDT,bid,2150,8343.45
2024-08-05 17:38:53,ETHUSDT,bid,1800,11433.371
2024-08-05 17:39:01,ETHUSDT,bid,1800,11434.221
2024-08-05 17:39:02,ETHUSDT,bid,1800,11434.384
2024-08-05 17:39:04,ETHUSDT,bid,1800,11434.865
2024-08-05 17:39:05,ETHUSDT,bid,1800,11434.795
2024-08-05 17:39:36,ETHUSDT,bid,2160,8352.844
2024-08-05 17:39:37,ETHUSDT,bid,1750,10480.208
2024-08-05 17:39:43,ETHUSDT,bid,1700,16052.251
2024-08-05 17:39:43,ETHUSDT,bid,1800,11434.808
2024-08-05 17:39:53,ETHUSDT,bid,1800,11433.139
2024-08-05 17:39:53,ETHUSDT,bid,1800,11483.139
2024-08-05 17:40:09,ETHUSDT,bid,1750,10480.139
2024-08-05 17:40:10,ETHUSDT,bid,1800,11484.377
2024-08-05 17:40:10,ETHUSDT,bid,1700,16050.483
2024-08-05 17:40:11,ETHUSDT,bid,1800,11483.877
2024-08-05 17:40:18,ETHUSDT,bid,1750,10480.173
2024-08-05 17:40:22,ETHUSDT,bid,1800,11482.98
2024-08-05 17:40:32,ETHUSDT,bid,1800,11483.98
2024-08-05 17:40:36,ETHUSDT,bid,2160,8299.767
2024-08-05 17:40:41,ETHUSDT,bid,1960,5212.166
2024-08-05 17:40:47,ETHUSDT,bid,1800,11757.645
2024-08-05 17:40:51,ETHUSDT,bid,1800,11755.045
2024-08-05 17:40:56,ETHUSDT,bid,1800,11756.068
2024-08-05 17:40:59,ETHUSDT,bid,1700,16050.425
2024-08-05 17:40:59,ETHUSDT,bid,1800,11756.013
2024-08-05 17:41:08,ETHUSDT,bid,1800,11752.008
2024-08-05 17:41:10,ETHUSDT,bid,1700,16050.488
2024-08-05 17:41:13,ETHUSDT,bid,1750,10450.173
2024-08-05 17:41:20,ETHUSDT,bid,1800,11755.36
2024-08-05 17:41:35,ETHUSDT,bid,2170,8291.301
2024-08-05 17:41:40,ETHUSDT,ask,2450,4223.436
2024-08-05 17:41:41,ETHUSDT,bid,1960,5207.064
2024-08-05 17:41:46,ETHUSDT,ask,2460,4157.51
2024-08-05 17:41:53,ETHUSDT,bid,1700,16052.159
2024-08-05 17:42:18,ETHUSDT,bid,1800,11754.56
2024-08-05 17:42:20,ETHUSDT,bid,1680,6006.215
2024-08-05 17:42:27,ETHUSDT,bid,1800,11754.116
2024-08-05 17:42:30,ETHUSDT,bid,1800,11756.712
2024-08-05 17:42:34,ETHUSDT,bid,2170,8275.441
2024-08-05 17:42:36,ETHUSDT,bid,1960,5209.615
2024-08-05 17:42:37,ETHUSDT,bid,1800,11757.441
2024-08-05 17:42:42,ETHUSDT,ask,2390,4275.259
2024-08-05 17:42:58,ETHUSDT,bid,1700,16053.5
2024-08-05 17:43:05,ETHUSDT,bid,1680,6008.984
2024-08-05 17:43:10,ETHUSDT,bid,1750,10450.652
2024-08-05 17:43:20,ETHUSDT,bid,1800,11757.461
2024-08-05 17:43:34,ETHUSDT,bid,2190,8210.105
2024-08-05 17:43:52,ETHUSDT,bid,1800,11756.823
2024-08-05 17:43:58,ETHUSDT,bid,1700,16053.588
2024-08-05 17:44:19,ETHUSDT,bid,1750,10451.223
2024-08-05 17:44:22,ETHUSDT,bid,1960,5209.584
2024-08-05 17:44:24,ETHUSDT,bid,1700,16053.618
2024-08-05 17:44:33,ETHUSDT,bid,2200,8174.498
2024-08-05 17:44:34,ETHUSDT,bid,1800,11759.823
2024-08-05 17:44:55,ETHUSDT,bid,1800,11758.8
2024-08-05 17:45:02,ETHUSDT,bid,1800,11773.8
2024-08-05 17:45:11,ETHUSDT,bid,1960,5210.584
2024-08-05 17:45:32,ETHUSDT,bid,2200,8157.937
2024-08-05 17:46:32,ETHUSDT,bid,2200,8152.949
2024-08-05 17:46:59,ETHUSDT,ask,2450,4189.575
2024-08-05 17:47:19,ETHUSDT,ask,2400,4539.528
2024-08-05 17:47:31,ETHUSDT,bid,2200,8177.484
2024-08-05 17:47:38,ETHUSDT,bid,1800,11773.855
2024-08-05 17:47:50,ETHUSDT,ask,2480,4031.764
2024-08-05 17:47:55,ETHUSDT,bid,1800,11776.855
2024-08-05 17:47:58,ETHUSDT,bid,1800,11774.2
2024-08-05 17:48:04,ETHUSDT,bid,1700,16056.618
2024-08-05 17:48:09,ETHUSDT,bid,1710,6085.597
2024-08-05 17:48:29,ETHUSDT,bid,1960,5209.584
2024-08-05 17:48:30,ETHUSDT,bid,2200,8170.453
2024-08-05 17:48:30,ETHUSDT,bid,1750,10273.293
2024-08-05 17:48:59,ETHUSDT,bid,1800,11774.172
2024-08-05 17:49:02,ETHUSDT,bid,1800,11771.95
2024-08-05 17:49:16,ETHUSDT,bid,1700,16056.835
2024-08-05 17:49:21,ETHUSDT,bid,1700,16059.187
2024-08-05 17:49:29,ETHUSDT,bid,2210,8118.623
2024-08-05 17:49:44,ETHUSDT,ask,2620,3811.065
2024-08-05 17:49:47,ETHUSDT,ask,2620,3811.001
2024-08-05 17:49:52,ETHUSDT,bid,1800,11776.1
2024-08-05 17:50:10,ETHUSDT,bid,1800,11776.115
2024-08-05 17:50:29,ETHUSDT,bid,2210,8137.753
2024-08-05 17:50:30,ETHUSDT,ask,2450,4188.86
2024-08-05 17:50:36,ETHUSDT,bid,1750,10273.338
2024-08-05 17:50:37,ETHUSDT,bid,1950,5136.76
2024-08-05 17:50:41,ETHUSDT,bid,1800,11778.29
2024-08-05 17:51:14,ETHUSDT,bid,1700,16059.163
2024-08-05 17:51:14,ETHUSDT,bid,1800,11778.278
2024-08-05 17:51:28,ETHUSDT,bid,2210,8134.674
2024-08-05 17:51:33,ETHUSDT,bid,1800,11778.223
2024-08-05 17:51:35,ETHUSDT,ask,2400,4548.638
2024-08-05 17:51:37,ETHUSDT,ask,2400,4548.647
2024-08-05 17:51:38,ETHUSDT,bid,1800,11778.285
2024-08-05 17:51:41,ETHUSDT,bid,1800,11776.11
2024-08-05 17:51:57,ETHUSDT,ask,2400,4548.637
2024-08-05 17:52:28,ETHUSDT,bid,2190,8223.28
2024-08-05 17:52:57,ETHUSDT,bid,1800,11776.054
2024-08-05 17:53:27,ETHUSDT,bid,2190,8215.114
2024-08-05 17:53:36,ETHUSDT,bid,1750,10278.341
2024-08-05 17:53:54,ETHUSDT,bid,1800,11776.066
2024-08-05 17:54:07,ETHUSDT,bid,1700,16059.175
2024-08-05 17:54:11,ETHUSDT,bid,1960,5209.39
2024-08-05 17:54:18,ETHUSDT,bid,1800,11776.099
2024-08-05 17:54:18,ETHUSDT,bid,1800,11776.111
2024-08-05 17:54:18,ETHUSDT,bid,2190,8200.082
2024-08-05 17:54:26,ETHUSDT,bid,1800,11775.382
2024-08-05 17:54:26,ETHUSDT,bid,2200,8158.751
2024-08-05 17:55:26,ETHUSDT,bid,2200,8152.406
2024-08-05 17:56:25,ETHUSDT,bid,1700,16059.225
2024-08-05 17:56:25,ETHUSDT,bid,1800,11775.332
2024-08-05 17:56:25,ETHUSDT,bid,1960,5209.9
2024-08-05 17:56:25,ETHUSDT,bid,2190,8186.655
2024-08-05 17:56:39,ETHUSDT,bid,1680,6005.621
2024-08-05 17:56:47,ETHUSDT,bid,1750,10273.338
2024-08-05 17:56:55,ETHUSDT,bid,1800,11780.335
2024-08-05 17:57:06,ETHUSDT,bid,1960,5211.36
2024-08-05 17:57:08,ETHUSDT,bid,1800,11780.39
2024-08-05 17:57:24,ETHUSDT,bid,2190,8193.027
2024-08-05 17:57:28,ETHUSDT,bid,1800,11787.642
2024-08-05 17:57:28,ETHUSDT,bid,1800,11790.175
2024-08-05 17:57:29,ETHUSDT,bid,1800,11790.286
2024-08-05 17:57:36,ETHUSDT,ask,2400,4548.372
2024-08-05 17:57:36,ETHUSDT,ask,2440,4120.298
2024-08-05 17:57:48,ETHUSDT,bid,1800,11789.286
2024-08-05 20:48:18,ETHUSDT,bid,1800,11605.773
2024-08-05 20:48:32,ETHUSDT,ask,2400,4600.545
2024-08-05 20:48:38,ETHUSDT,bid,2250,7982.67
2024-08-05 20:48:43,ETHUSDT,ask,2400,4750.561
2024-08-05 20:48:43,ETHUSDT,ask,2440,5415.868
2024-08-05 20:48:48,ETHUSDT,bid,2250,7982.449
2024-08-05 20:49:01,ETHUSDT,bid,2250,7990.991
2024-08-05 20:49:01,ETHUSDT,bid,2250,8029.929
2024-08-05 20:49:37,ETHUSDT,ask,2400,4754.68
2024-08-05 20:49:37,ETHUSDT,ask,2400,4754.418
2024-08-05 20:49:38,ETHUSDT,bid,2260,7947.991
2024-08-05 20:49:56,ETHUSDT,bid,1800,11606.4
2024-08-05 20:50:00,ETHUSDT,ask,2400,4754.607
2024-08-05 20:50:02,ETHUSDT,ask,2400,4751.607
2024-08-05 20:50:05,ETHUSDT,bid,1750,10558.092
2024-08-05 20:50:25,ETHUSDT,bid,1960,6208.049
2024-08-05 20:50:37,ETHUSDT,bid,2260,7950.389
2024-08-05 20:50:38,ETHUSDT,ask,2400,4751.406
2024-08-05 20:50:44,ETHUSDT,bid,1940,5408.327
2024-08-05 20:50:47,ETHUSDT,bid,1800,11606.289
2024-08-05 20:50:56,ETHUSDT,ask,2440,5456.416
2024-08-05 20:51:07,ETHUSDT,bid,1800,11606.406
2024-08-05 20:51:09,ETHUSDT,bid,1750,10557.198
2024-08-05 20:51:11,ETHUSDT,bid,1800,11605.779
2024-08-05 20:51:15,ETHUSDT,bid,1800,11616.618
2024-08-05 20:51:22,ETHUSDT,bid,1800,11616.603
2024-08-05 20:51:26,ETHUSDT,ask,2390,4267.488
2024-08-05 20:51:37,ETHUSDT,bid,2260,7931.961
2024-08-05 20:51:46,ETHUSDT,bid,1800,11617.23
2024-08-05 20:51:54,ETHUSDT,ask,2400,4738.836
2024-08-05 20:52:02,ETHUSDT,bid,1750,10390.617
2024-08-05 20:52:16,ETHUSDT,ask,2400,4794.247
2024-08-05 20:52:32,ETHUSDT,ask,2400,4792.301
2024-08-05 20:52:36,ETHUSDT,bid,2270,7921.942
2024-08-05 20:52:41,ETHUSDT,bid,1800,11617.209
2024-08-05 20:52:49,ETHUSDT,ask,2400,4794.065
2024-08-05 20:53:13,ETHUSDT,bid,1800,11614.209
2024-08-05 20:53:16,ETHUSDT,bid,1750,10388.332
2024-08-05 20:53:28,ETHUSDT,bid,1800,11614.252
2024-08-05 20:53:34,ETHUSDT,ask,2400,6644.774
2024-08-05 20:53:36,ETHUSDT,bid,2250,7982.224
2024-08-05 20:54:06,ETHUSDT,bid,1960,6207.896
2024-08-05 20:54:32,ETHUSDT,ask,2400,6703.008
2024-08-05 20:54:35,ETHUSDT,bid,2260,7958.004
2024-08-05 20:54:41,ETHUSDT,bid,1700,16211.598
2024-08-05 20:54:53,ETHUSDT,bid,1960,6205.896
2024-08-05 20:54:59,ETHUSDT,ask,2450,4222.78
2024-08-05 20:55:00,ETHUSDT,ask,2400,6703.515
2024-08-05 20:55:12,ETHUSDT,bid,1950,5145.204
2024-08-05 20:55:23,ETHUSDT,bid,1960,6205.812
2024-08-05 20:55:35,ETHUSDT,bid,2260,7930.074
2024-08-05 20:55:39,ETHUSDT,ask,2400,6693.845
2024-08-05 20:55:46,ETHUSDT,bid,1680,6002.402
2024-08-05 20:55:55,ETHUSDT,ask,2450,4224.378
2024-08-05 20:56:06,ETHUSDT,ask,2390,4254.271
2024-08-05 20:56:09,ETHUSDT,bid,1750,10387.832
2024-08-05 20:56:09,ETHUSDT,bid,1800,11614.473
2024-08-05 20:56:15,ETHUSDT,bid,1800,11613.918
2024-08-05 20:56:18,ETHUSDT,ask,2450,4224.428
2024-08-05 20:56:34,ETHUSDT,bid,2260,7950.249
2024-08-05 20:56:41,ETHUSDT,ask,2450,4220.898
2024-08-05 20:56:43,ETHUSDT,ask,2390,4254.48
2024-08-05 20:56:48,ETHUSDT,bid,1750,10388.492
2024-08-05 20:57:00,ETHUSDT,ask,2550,4321.216
2024-08-05 20:57:06,ETHUSDT,ask,2400,7421.878
2024-08-05 20:57:14,ETHUSDT,ask,2390,4256.943
2024-08-05 20:57:30,ETHUSDT,bid,1800,11614.084
2024-08-05 20:57:33,ETHUSDT,bid,1800,11613.863
2024-08-05 20:57:34,ETHUSDT,bid,2250,7969.75
2024-08-05 20:57:42,ETHUSDT,bid,1750,10387.35
2024-08-05 20:57:54,ETHUSDT,ask,2550,4321.235
2024-08-05 20:57:56,ETHUSDT,ask,2440,5456.571
2024-08-05 20:58:04,ETHUSDT,bid,1800,11610.461
2024-08-05 20:58:08,ETHUSDT,bid,1680,6006.467
2024-08-05 20:58:15,ETHUSDT,ask,2400,5424.765
2024-08-05 20:58:28,ETHUSDT,ask,2450,4218.158
2024-08-05 20:58:33,ETHUSDT,bid,2260,7960.815
2024-08-05 20:58:53,ETHUSDT,ask,2440,5456.826
2024-08-05 20:58:55,ETHUSDT,bid,1800,11613.897
2024-08-05 20:58:56,ETHUSDT,ask,2440,5456.816
2024-08-05 20:59:02,ETHUSDT,bid,1800,11613.936
2024-08-05 20:59:10,ETHUSDT,bid,1800,11611.714
2024-08-05 20:59:16,ETHUSDT,ask,2440,5456.654
2024-08-05 20:59:32,ETHUSDT,bid,2260,7934.183
2024-08-05 20:59:34,ETHUSDT,bid,1750,10387.179
2024-08-05 20:59:42,ETHUSDT,bid,2260,7934.164
2024-08-05 20:59:47,ETHUSDT,ask,2400,5385.659
2024-08-05 20:59:50,ETHUSDT,bid,1800,11606.714
2024-08-05 20:59:56,ETHUSDT,ask,2390,4257.617
2024-08-05 21:00:12,ETHUSDT,bid,1700,16211.619
2024-08-05 21:00:32,ETHUSDT,bid,2280,7874.68
2024-08-05 21:00:43,ETHUSDT,bid,1800,11606.671
2024-08-05 21:00:57,ETHUSDT,bid,1800,11606.709
2024-08-05 21:01:01,ETHUSDT,bid,1800,11606.625
2024-08-05 21:01:16,ETHUSDT,bid,1700,16151.619
2024-08-05 21:01:19,ETHUSDT,bid,1680,6006.483
2024-08-05 21:01:19,ETHUSDT,bid,1800,11606.641
2024-08-05 21:01:19,ETHUSDT,bid,1960,6205.828
2024-08-05 21:01:31,ETHUSDT,bid,2290,7835.889
2024-08-05 21:01:37,ETHUSDT,bid,1800,11606.523
2024-08-05 21:02:02,ETHUSDT,bid,1800,11605.848
2024-08-05 21:02:22,ETHUSDT,ask,2440,5459.553
2024-08-05 21:02:26,ETHUSDT,bid,1800,11605.788
2024-08-05 21:02:26,ETHUSDT,ask,2580,3938.994
2024-08-05 21:02:31,ETHUSDT,bid,2290,7830.41
2024-08-05 21:02:34,ETHUSDT,ask,2400,5376.107
2024-08-05 21:02:38,ETHUSDT,bid,1800,11561.873
2024-08-05 21:02:44,ETHUSDT,ask,2400,5334.504
2024-08-05 21:02:46,ETHUSDT,bid,1700,16151.334
2024-08-05 21:02:52,ETHUSDT,ask,2450,4181.332
2024-08-05 21:02:57,ETHUSDT,ask,2400,5334.286
2024-08-05 21:02:59,ETHUSDT,bid,1750,10387.029
2024-08-05 21:03:08,ETHUSDT,ask,2390,4293.998
2024-08-05 21:03:17,ETHUSDT,ask,2400,5346.218
2024-08-05 21:03:26,ETHUSDT,ask,2390,4306.32
2024-08-05 21:03:30,ETHUSDT,bid,2300,7813.89
2024-08-05 21:03:39,ETHUSDT,ask,2390,4306.282
2024-08-05 21:03:41,ETHUSDT,ask,2680,3730.618
2024-08-05 21:03:42,ETHUSDT,bid,1800,11571.873
2024-08-05 21:03:49,ETHUSDT,bid,1700,16201.334
2024-08-05 21:03:54,ETHUSDT,ask,2450,4183.606
2024-08-05 21:03:54,ETHUSDT,ask,2390,4275.946
2024-08-05 21:03:56,ETHUSDT,ask,2400,5352.001
2024-08-05 21:03:57,ETHUSDT,ask,2390,4277.01
2024-08-05 21:03:59,ETHUSDT,ask,2440,5458.004
2024-08-05 21:03:59,ETHUSDT,ask,2580,3930.994
2024-08-05 21:03:59,ETHUSDT,ask,2440,5471.645
2024-08-05 21:04:00,ETHUSDT,ask,2440,5485.289
2024-08-05 21:04:07,ETHUSDT,ask,2390,4284.547
2024-08-05 21:04:08,ETHUSDT,ask,2400,5356.032
2024-08-05 21:04:08,ETHUSDT,ask,2400,5356.125
2024-08-05 21:04:09,ETHUSDT,bid,1710,6065.079
2024-08-05 21:04:10,ETHUSDT,ask,2390,4284.802
2024-08-05 21:04:13,ETHUSDT,ask,2390,4284.508
2024-08-05 21:04:13,ETHUSDT,ask,2390,4284.52
2024-08-05 21:04:13,ETHUSDT,ask,2390,4284.508
2024-08-05 21:04:13,ETHUSDT,bid,1800,11571.627
2024-08-05 21:04:15,ETHUSDT,ask,2390,4286.313
2024-08-05 21:04:16,ETHUSDT,ask,2390,4285.763
2024-08-05 21:04:17,ETHUSDT,ask,2390,4287.537
2024-08-05 21:04:17,ETHUSDT,ask,2390,4285.763
2024-08-05 21:04:18,ETHUSDT,ask,2390,4287.539
2024-08-05 21:04:30,ETHUSDT,bid,2320,7757.116
2024-08-05 21:04:35,ETHUSDT,ask,2400,5370.323
2024-08-05 21:04:43,ETHUSDT,ask,2450,4199.004
2024-08-05 21:04:46,ETHUSDT,ask,2400,5398.145
2024-08-05 21:04:46,ETHUSDT,ask,2400,5398.227
2024-08-05 21:04:51,ETHUSDT,ask,2400,5408.317
2024-08-05 21:04:55,ETHUSDT,ask,2400,5402.44
2024-08-05 21:04:55,ETHUSDT,bid,1950,5137.561
2024-08-05 21:04:56,ETHUSDT,ask,2550,4321.044
2024-08-05 21:04:58,ETHUSDT,ask,2400,5404.431
2024-08-05 21:04:58,ETHUSDT,ask,2450,4210.748
2024-08-05 21:05:04,ETHUSDT,ask,2400,5404.758
2024-08-05 21:05:06,ETHUSDT,ask,2400,5385.092
2024-08-05 21:05:11,ETHUSDT,bid,1950,5139.015
2024-08-05 21:05:11,ETHUSDT,ask,2400,5387.377
2024-08-05 21:05:21,ETHUSDT,bid,1700,16201.346
2024-08-05 21:05:28,ETHUSDT,ask,2400,5383.743
2024-08-05 21:05:29,ETHUSDT,bid,2310,7776.251
