2024-08-07 08:24:33,SOLUSDT,ask,149,34705.0
2024-08-07 08:26:24,SOLUSDT,ask,200,54848.0
2024-08-07 08:40:51,SOLUSDT,ask,149,34611.0
2024-08-07 08:46:20,SOLUSDT,ask,149,34609.0
2024-08-07 08:46:20,SOLUSDT,ask,149,34609.0
2024-08-07 08:46:20,SOLUSDT,ask,149,34609.0
2024-08-07 08:47:16,SOLUSDT,ask,149,34610.0
2024-08-07 08:47:16,SOLUSDT,ask,149,34610.0
2024-08-07 08:47:16,SOLUSDT,ask,149,34610.0
2024-08-07 08:47:19,SOLUSDT,ask,149,34611.0
2024-08-07 08:47:19,SOLUSDT,ask,149,34611.0
2024-08-07 08:47:19,SOLUSDT,ask,149,34611.0
2024-08-07 08:47:40,SOLUSDT,ask,149,35577.0
2024-08-07 08:47:40,SOLUSDT,ask,149,35577.0
2024-08-07 08:47:40,SOLUSDT,ask,149,35577.0
2024-08-07 08:48:13,SOLUSDT,bid,74,67604.0
2024-08-07 08:48:13,SOLUSDT,bid,74,67604.0
2024-08-07 08:48:13,SOLUSDT,bid,74,67604.0
2024-08-07 08:48:14,SOLUSDT,bid,74,67603.0
2024-08-07 08:48:14,SOLUSDT,bid,74,67603.0
2024-08-07 08:48:14,SOLUSDT,bid,74,67603.0
2024-08-07 08:48:21,SOLUSDT,bid,74,67604.0
2024-08-07 08:48:21,SOLUSDT,bid,74,67604.0
2024-08-07 08:48:21,SOLUSDT,bid,74,67604.0
2024-08-07 08:48:22,SOLUSDT,bid,74,67603.0
2024-08-07 08:48:22,SOLUSDT,bid,74,67603.0
2024-08-07 08:48:22,SOLUSDT,bid,74,67603.0
2024-08-07 08:49:46,SOLUSDT,bid,46,108718.0
2024-08-07 08:49:46,SOLUSDT,bid,46,108718.0
2024-08-07 08:49:46,SOLUSDT,bid,46,108718.0
2024-08-07 08:49:50,SOLUSDT,ask,149,35604.0
2024-08-07 08:49:50,SOLUSDT,ask,149,35604.0
2024-08-07 08:49:50,SOLUSDT,ask,149,35604.0
2024-08-07 08:51:48,SOLUSDT,bid,74,67604.0
2024-08-07 08:51:48,SOLUSDT,bid,74,67604.0
2024-08-07 08:51:48,SOLUSDT,bid,74,67604.0
2024-08-07 08:51:49,SOLUSDT,bid,74,67603.0
2024-08-07 08:51:49,SOLUSDT,bid,74,67603.0
2024-08-07 08:51:49,SOLUSDT,bid,74,67603.0
2024-08-07 08:55:03,SOLUSDT,ask,149,35605.0
2024-08-07 08:55:03,SOLUSDT,ask,149,35605.0
2024-08-07 08:55:03,SOLUSDT,ask,149,35605.0
2024-08-07 08:56:02,SOLUSDT,ask,149,35621.0
2024-08-07 08:56:02,SOLUSDT,ask,149,35621.0
2024-08-07 08:56:02,SOLUSDT,ask,149,35621.0
2024-08-07 08:56:13,SOLUSDT,ask,149,35592.0
2024-08-07 08:56:13,SOLUSDT,ask,149,35592.0
2024-08-07 08:56:13,SOLUSDT,ask,149,35592.0
2024-08-07 08:56:13,SOLUSDT,ask,200,54802.0
2024-08-07 08:56:14,SOLUSDT,ask,200,54802.0
2024-08-07 08:56:14,SOLUSDT,ask,200,54802.0
2024-08-07 08:56:16,SOLUSDT,bid,74,67604.0
2024-08-07 08:56:16,SOLUSDT,bid,74,67604.0
2024-08-07 08:56:16,SOLUSDT,bid,74,67604.0
2024-08-07 08:56:17,SOLUSDT,bid,74,67603.0
2024-08-07 08:56:17,SOLUSDT,bid,74,67603.0
2024-08-07 08:56:17,SOLUSDT,bid,74,67603.0
2024-08-07 09:00:08,SOLUSDT,ask,176,57458.0
2024-08-07 09:00:08,SOLUSDT,ask,178,57407.0
2024-08-07 09:00:08,SOLUSDT,ask,176,57458.0
2024-08-07 09:00:08,SOLUSDT,ask,178,57407.0
2024-08-07 09:00:08,SOLUSDT,ask,176,57458.0
2024-08-07 09:00:08,SOLUSDT,ask,178,57407.0
2024-08-07 09:03:06,SOLUSDT,ask,200,54801.0
2024-08-07 09:03:06,SOLUSDT,ask,200,54801.0
2024-08-07 09:03:06,SOLUSDT,ask,200,54801.0
2024-08-07 09:03:30,SOLUSDT,ask,149,35600.0
2024-08-07 09:03:30,SOLUSDT,ask,149,35600.0
2024-08-07 09:03:30,SOLUSDT,ask,149,35600.0
2024-08-07 09:06:37,SOLUSDT,ask,149,35604.0
2024-08-07 09:06:37,SOLUSDT,ask,149,35604.0
2024-08-07 09:06:37,SOLUSDT,ask,149,35604.0
2024-08-07 09:06:47,SOLUSDT,ask,149,34638.0
2024-08-07 09:06:47,SOLUSDT,ask,149,34638.0
2024-08-07 09:06:47,SOLUSDT,ask,149,34638.0
2024-08-07 09:07:06,SOLUSDT,ask,149,34629.0
2024-08-07 09:07:06,SOLUSDT,ask,149,34629.0
2024-08-07 09:07:06,SOLUSDT,ask,149,34629.0
2024-08-07 09:07:37,SOLUSDT,ask,149,34628.0
2024-08-07 09:07:37,SOLUSDT,ask,149,34628.0
2024-08-07 09:07:37,SOLUSDT,ask,149,34628.0
2024-08-07 09:09:18,SOLUSDT,ask,149,34628.0
2024-08-07 09:09:18,SOLUSDT,ask,149,34628.0
2024-08-07 09:09:18,SOLUSDT,ask,149,34628.0
2024-08-07 09:10:04,SOLUSDT,ask,149,34634.0
2024-08-07 09:10:04,SOLUSDT,ask,149,34634.0
2024-08-07 09:10:04,SOLUSDT,ask,149,34634.0
2024-08-07 09:10:24,SOLUSDT,ask,149,34628.0
2024-08-07 09:10:24,SOLUSDT,ask,149,34628.0
2024-08-07 09:10:24,SOLUSDT,ask,149,34628.0
2024-08-07 09:11:44,SOLUSDT,ask,149,34641.0
2024-08-07 09:11:44,SOLUSDT,ask,149,34641.0
2024-08-07 09:11:45,SOLUSDT,ask,149,34641.0
2024-08-07 09:13:04,SOLUSDT,ask,149,34628.0
2024-08-07 09:13:04,SOLUSDT,ask,149,34628.0
2024-08-07 09:13:04,SOLUSDT,ask,149,34628.0
2024-08-07 09:14:19,SOLUSDT,ask,175,58062.0
2024-08-07 09:14:19,SOLUSDT,ask,175,58062.0
2024-08-07 09:14:19,SOLUSDT,ask,175,58062.0
2024-08-07 09:14:27,SOLUSDT,ask,149,34774.0
2024-08-07 09:14:27,SOLUSDT,ask,149,34774.0
2024-08-07 09:14:27,SOLUSDT,ask,149,34774.0
2024-08-07 09:15:34,SOLUSDT,bid,74,67604.0
2024-08-07 09:15:34,SOLUSDT,bid,74,67604.0
2024-08-07 09:15:34,SOLUSDT,bid,74,67604.0
2024-08-07 09:15:35,SOLUSDT,bid,74,67603.0
2024-08-07 09:15:35,SOLUSDT,bid,74,67603.0
2024-08-07 09:15:35,SOLUSDT,bid,74,67603.0
2024-08-07 09:17:04,SOLUSDT,ask,149,34792.0
2024-08-07 09:17:04,SOLUSDT,ask,149,34792.0
2024-08-07 09:17:04,SOLUSDT,ask,149,34792.0
2024-08-07 09:19:32,SOLUSDT,ask,156,50954.0
2024-08-07 09:19:32,SOLUSDT,ask,156,50954.0
2024-08-07 09:19:32,SOLUSDT,ask,156,50954.0
2024-08-07 09:22:11,SOLUSDT,ask,156,50949.0
2024-08-07 09:22:11,SOLUSDT,ask,156,50949.0
2024-08-07 09:22:11,SOLUSDT,ask,156,50949.0
2024-08-07 09:22:13,SOLUSDT,ask,175,57945.0
2024-08-07 09:22:13,SOLUSDT,ask,175,57945.0
2024-08-07 09:22:13,SOLUSDT,ask,175,57945.0
2024-08-07 09:22:14,SOLUSDT,ask,156,50950.0
2024-08-07 09:22:14,SOLUSDT,ask,156,50950.0
2024-08-07 09:22:14,SOLUSDT,ask,156,50950.0
2024-08-07 09:24:52,SOLUSDT,ask,156,50955.0
2024-08-07 09:24:52,SOLUSDT,ask,156,50955.0
2024-08-07 09:24:52,SOLUSDT,ask,156,50955.0
2024-08-07 09:24:54,SOLUSDT,ask,156,50950.0
2024-08-07 09:24:54,SOLUSDT,ask,156,50950.0
2024-08-07 09:24:54,SOLUSDT,ask,156,50950.0
2024-08-07 09:28:19,SOLUSDT,bid,75,93209.0
2024-08-07 09:28:19,SOLUSDT,bid,75,93209.0
2024-08-07 09:28:19,SOLUSDT,bid,75,93209.0
2024-08-07 09:28:20,SOLUSDT,bid,75,93208.0
2024-08-07 09:28:20,SOLUSDT,bid,75,93208.0
2024-08-07 09:28:20,SOLUSDT,bid,75,93208.0
2024-08-07 09:28:57,SOLUSDT,ask,200,54801.0
2024-08-07 09:28:57,SOLUSDT,ask,200,54801.0
2024-08-07 09:28:57,SOLUSDT,ask,200,54801.0
2024-08-07 09:28:59,SOLUSDT,ask,200,54800.0
2024-08-07 09:28:59,SOLUSDT,ask,200,54800.0
2024-08-07 09:28:59,SOLUSDT,ask,200,54800.0
2024-08-07 09:29:05,SOLUSDT,ask,156,50919.0
2024-08-07 09:29:05,SOLUSDT,ask,156,50919.0
2024-08-07 09:29:05,SOLUSDT,ask,156,50919.0
2024-08-07 09:29:23,SOLUSDT,ask,156,50942.0
2024-08-07 09:29:23,SOLUSDT,ask,156,50942.0
2024-08-07 09:29:23,SOLUSDT,ask,156,50942.0
2024-08-07 09:29:31,SOLUSDT,ask,200,54801.0
2024-08-07 09:29:31,SOLUSDT,ask,200,54801.0
2024-08-07 09:29:31,SOLUSDT,ask,200,54801.0
2024-08-07 09:29:35,SOLUSDT,ask,156,51051.0
2024-08-07 09:29:35,SOLUSDT,ask,156,51051.0
2024-08-07 09:29:35,SOLUSDT,ask,156,51051.0
2024-08-07 09:31:34,SOLUSDT,bid,150,33978.0
2024-08-07 09:31:34,SOLUSDT,bid,150,33978.0
2024-08-07 09:31:34,SOLUSDT,bid,150,33978.0
2024-08-07 09:31:54,SOLUSDT,ask,156,50976.0
2024-08-07 09:31:54,SOLUSDT,ask,156,50976.0
2024-08-07 09:31:55,SOLUSDT,ask,156,50976.0
2024-08-07 09:32:27,SOLUSDT,ask,156,50985.0
2024-08-07 09:32:27,SOLUSDT,ask,156,50985.0
2024-08-07 09:32:27,SOLUSDT,ask,156,50985.0
2024-08-07 09:32:33,SOLUSDT,bid,151,33537.0
2024-08-07 09:32:33,SOLUSDT,bid,151,33537.0
2024-08-07 09:32:33,SOLUSDT,bid,151,33537.0
2024-08-07 09:32:33,SOLUSDT,bid,151,33533.0
2024-08-07 09:32:33,SOLUSDT,bid,151,33533.0
2024-08-07 09:32:33,SOLUSDT,bid,151,33533.0
2024-08-07 09:32:33,SOLUSDT,bid,151,33533.0
2024-08-07 09:32:33,SOLUSDT,bid,151,33533.0
2024-08-07 09:32:33,SOLUSDT,bid,151,33533.0
2024-08-07 09:32:34,SOLUSDT,bid,151,33534.0
2024-08-07 09:32:34,SOLUSDT,bid,151,33534.0
2024-08-07 09:32:34,SOLUSDT,bid,151,33534.0
2024-08-07 09:32:35,SOLUSDT,bid,151,33524.0
2024-08-07 09:32:35,SOLUSDT,bid,151,33524.0
2024-08-07 09:32:35,SOLUSDT,bid,151,33524.0
2024-08-07 09:32:35,SOLUSDT,bid,151,33529.0
2024-08-07 09:32:35,SOLUSDT,bid,151,33529.0
2024-08-07 09:32:35,SOLUSDT,bid,151,33529.0
2024-08-07 09:32:35,SOLUSDT,bid,151,33537.0
2024-08-07 09:32:35,SOLUSDT,bid,151,33537.0
2024-08-07 09:32:35,SOLUSDT,bid,151,33537.0
2024-08-07 09:32:36,SOLUSDT,bid,151,33577.0
2024-08-07 09:32:36,SOLUSDT,bid,151,33577.0
2024-08-07 09:32:36,SOLUSDT,bid,151,33537.0
2024-08-07 09:32:36,SOLUSDT,bid,151,33537.0
2024-08-07 09:32:36,SOLUSDT,bid,151,33577.0
2024-08-07 09:32:36,SOLUSDT,bid,151,33537.0
2024-08-07 09:32:37,SOLUSDT,bid,151,33532.0
2024-08-07 09:32:37,SOLUSDT,bid,151,33532.0
2024-08-07 09:32:37,SOLUSDT,bid,151,33532.0
2024-08-07 09:32:38,SOLUSDT,bid,151,33595.0
2024-08-07 09:32:38,SOLUSDT,bid,151,33595.0
2024-08-07 09:32:38,SOLUSDT,bid,151,33595.0
2024-08-07 09:32:39,SOLUSDT,bid,151,33640.0
2024-08-07 09:32:39,SOLUSDT,bid,151,33640.0
2024-08-07 09:32:39,SOLUSDT,bid,151,33640.0
2024-08-07 09:32:39,SOLUSDT,bid,151,33531.0
2024-08-07 09:32:39,SOLUSDT,bid,151,33531.0
2024-08-07 09:32:39,SOLUSDT,bid,151,33531.0
2024-08-07 09:32:40,SOLUSDT,bid,151,33631.0
2024-08-07 09:32:40,SOLUSDT,bid,151,33631.0
2024-08-07 09:32:40,SOLUSDT,bid,151,33631.0
2024-08-07 09:32:40,SOLUSDT,bid,151,33631.0
2024-08-07 09:32:40,SOLUSDT,bid,151,33631.0
2024-08-07 09:32:40,SOLUSDT,bid,151,33631.0
2024-08-07 09:32:40,SOLUSDT,bid,151,33531.0
2024-08-07 09:32:40,SOLUSDT,bid,151,33531.0
2024-08-07 09:32:40,SOLUSDT,bid,151,33531.0
2024-08-07 09:32:41,SOLUSDT,bid,151,33538.0
2024-08-07 09:32:41,SOLUSDT,bid,151,33538.0
2024-08-07 09:32:41,SOLUSDT,bid,151,33538.0
2024-08-07 09:32:41,SOLUSDT,bid,151,33531.0
2024-08-07 09:32:41,SOLUSDT,bid,151,33531.0
2024-08-07 09:32:41,SOLUSDT,bid,151,33531.0
2024-08-07 09:32:41,SOLUSDT,bid,151,33531.0
2024-08-07 09:32:41,SOLUSDT,bid,151,33531.0
2024-08-07 09:32:41,SOLUSDT,bid,151,33531.0
2024-08-07 09:32:42,SOLUSDT,bid,151,33548.0
2024-08-07 09:32:42,SOLUSDT,bid,151,33548.0
2024-08-07 09:32:42,SOLUSDT,bid,151,33531.0
2024-08-07 09:32:42,SOLUSDT,bid,151,33531.0
2024-08-07 09:32:42,SOLUSDT,bid,151,33548.0
2024-08-07 09:32:42,SOLUSDT,bid,151,33531.0
2024-08-07 09:32:43,SOLUSDT,bid,151,33559.0
2024-08-07 09:32:43,SOLUSDT,bid,151,33559.0
2024-08-07 09:32:43,SOLUSDT,bid,151,33559.0
2024-08-07 09:32:43,SOLUSDT,bid,151,33531.0
2024-08-07 09:32:43,SOLUSDT,bid,151,33531.0
2024-08-07 09:32:43,SOLUSDT,bid,151,33531.0
2024-08-07 09:32:44,SOLUSDT,bid,151,33532.0
2024-08-07 09:32:44,SOLUSDT,bid,151,33532.0
2024-08-07 09:32:44,SOLUSDT,bid,151,33532.0
2024-08-07 09:32:44,SOLUSDT,bid,151,33525.0
2024-08-07 09:32:44,SOLUSDT,bid,151,33525.0
2024-08-07 09:32:45,SOLUSDT,bid,151,33525.0
2024-08-07 09:32:45,SOLUSDT,bid,151,33585.0
2024-08-07 09:32:45,SOLUSDT,bid,151,33585.0
2024-08-07 09:32:45,SOLUSDT,bid,151,33525.0
2024-08-07 09:32:45,SOLUSDT,bid,151,33525.0
2024-08-07 09:32:45,SOLUSDT,bid,151,33585.0
2024-08-07 09:32:45,SOLUSDT,bid,151,33525.0
2024-08-07 09:32:46,SOLUSDT,bid,151,33526.0
2024-08-07 09:32:46,SOLUSDT,bid,151,33526.0
2024-08-07 09:32:46,SOLUSDT,bid,151,33525.0
2024-08-07 09:32:46,SOLUSDT,bid,151,33525.0
2024-08-07 09:32:46,SOLUSDT,bid,151,33526.0
2024-08-07 09:32:46,SOLUSDT,bid,151,33525.0
2024-08-07 09:32:47,SOLUSDT,bid,151,33725.0
2024-08-07 09:32:47,SOLUSDT,bid,151,33725.0
2024-08-07 09:32:47,SOLUSDT,bid,151,33725.0
2024-08-07 09:32:47,SOLUSDT,bid,151,33753.0
2024-08-07 09:32:47,SOLUSDT,bid,151,33753.0
2024-08-07 09:32:48,SOLUSDT,bid,151,33753.0
2024-08-07 09:32:48,SOLUSDT,bid,151,33725.0
2024-08-07 09:32:48,SOLUSDT,bid,151,33725.0
2024-08-07 09:32:48,SOLUSDT,bid,151,33725.0
2024-08-07 09:33:05,SOLUSDT,ask,156,51030.0
2024-08-07 09:33:05,SOLUSDT,ask,156,51030.0
2024-08-07 09:33:05,SOLUSDT,ask,156,51030.0
2024-08-07 09:33:19,SOLUSDT,ask,156,51036.0
2024-08-07 09:33:19,SOLUSDT,ask,156,51036.0
2024-08-07 09:33:19,SOLUSDT,ask,156,51036.0
2024-08-07 09:34:48,SOLUSDT,ask,156,51062.0
2024-08-07 09:34:48,SOLUSDT,ask,156,51062.0
2024-08-07 09:34:48,SOLUSDT,ask,156,51062.0
2024-08-07 09:35:15,SOLUSDT,ask,156,51063.0
2024-08-07 09:35:15,SOLUSDT,ask,156,51063.0
2024-08-07 09:35:15,SOLUSDT,ask,156,51063.0
2024-08-07 09:36:42,SOLUSDT,ask,156,51086.0
2024-08-07 09:36:42,SOLUSDT,ask,156,51086.0
2024-08-07 09:36:42,SOLUSDT,ask,156,51086.0
2024-08-07 09:37:58,SOLUSDT,ask,156,51092.0
2024-08-07 09:37:58,SOLUSDT,ask,156,51092.0
2024-08-07 09:37:58,SOLUSDT,ask,156,51092.0
2024-08-07 09:38:30,SOLUSDT,ask,156,51119.0
2024-08-07 09:38:30,SOLUSDT,ask,156,51119.0
2024-08-07 09:38:30,SOLUSDT,ask,156,51119.0
2024-08-07 09:41:42,SOLUSDT,ask,156,51138.0
2024-08-07 09:41:42,SOLUSDT,ask,156,51138.0
2024-08-07 09:41:42,SOLUSDT,ask,156,51138.0
2024-08-07 09:41:57,SOLUSDT,ask,156,51136.0
2024-08-07 09:41:57,SOLUSDT,ask,156,51136.0
2024-08-07 09:41:57,SOLUSDT,ask,156,51136.0
2024-08-07 09:43:40,SOLUSDT,ask,156,51138.0
2024-08-07 09:43:40,SOLUSDT,ask,156,51138.0
2024-08-07 09:43:40,SOLUSDT,ask,156,51138.0
2024-08-07 09:45:46,SOLUSDT,ask,200,54803.0
2024-08-07 09:45:46,SOLUSDT,ask,200,54803.0
2024-08-07 09:45:46,SOLUSDT,ask,200,54803.0
2024-08-07 09:47:18,SOLUSDT,ask,156,49851.0
2024-08-07 09:47:18,SOLUSDT,ask,156,49851.0
2024-08-07 09:47:18,SOLUSDT,ask,156,49851.0
2024-08-07 09:47:29,SOLUSDT,ask,156,49853.0
2024-08-07 09:47:29,SOLUSDT,ask,156,49853.0
2024-08-07 09:47:29,SOLUSDT,ask,156,49853.0
2024-08-07 09:48:12,SOLUSDT,ask,200,54802.0
2024-08-07 09:48:12,SOLUSDT,ask,200,54802.0
2024-08-07 09:48:13,SOLUSDT,ask,200,54802.0
2024-08-07 09:49:03,SOLUSDT,ask,156,49855.0
2024-08-07 09:49:03,SOLUSDT,ask,156,49855.0
2024-08-07 09:49:03,SOLUSDT,ask,156,49855.0
2024-08-07 09:49:14,SOLUSDT,ask,156,49849.0
2024-08-07 09:49:14,SOLUSDT,ask,156,49849.0
2024-08-07 09:49:14,SOLUSDT,ask,156,49849.0
2024-08-07 09:50:54,SOLUSDT,ask,156,49878.0
2024-08-07 09:50:54,SOLUSDT,ask,156,49878.0
2024-08-07 09:50:54,SOLUSDT,ask,156,49878.0
2024-08-07 09:52:01,SOLUSDT,ask,156,49855.0
2024-08-07 09:52:01,SOLUSDT,ask,156,49855.0
2024-08-07 09:52:01,SOLUSDT,ask,156,49855.0
2024-08-07 09:54:31,SOLUSDT,ask,156,49855.0
2024-08-07 09:54:31,SOLUSDT,ask,156,49855.0
2024-08-07 09:54:31,SOLUSDT,ask,156,49855.0
2024-08-07 09:55:43,SOLUSDT,ask,200,54834.0
2024-08-07 09:55:43,SOLUSDT,ask,200,54834.0
2024-08-07 09:55:43,SOLUSDT,ask,200,54834.0
2024-08-07 09:55:58,SOLUSDT,ask,178,57405.0
2024-08-07 09:55:58,SOLUSDT,ask,178,57405.0
2024-08-07 09:55:58,SOLUSDT,ask,178,57405.0
2024-08-07 09:56:48,SOLUSDT,ask,156,49861.0
2024-08-07 09:56:48,SOLUSDT,ask,156,49861.0
2024-08-07 09:56:48,SOLUSDT,ask,156,49861.0
2024-08-07 09:57:45,SOLUSDT,ask,156,50161.0
2024-08-07 09:57:45,SOLUSDT,ask,156,50161.0
2024-08-07 09:57:45,SOLUSDT,ask,156,50161.0
2024-08-07 10:02:24,SOLUSDT,ask,156,50162.0
2024-08-07 10:02:24,SOLUSDT,ask,156,50162.0
2024-08-07 10:02:24,SOLUSDT,ask,156,50162.0
2024-08-07 10:02:28,SOLUSDT,ask,156,50166.0
2024-08-07 10:02:28,SOLUSDT,ask,156,50166.0
2024-08-07 10:02:28,SOLUSDT,ask,156,50166.0
2024-08-07 10:02:44,SOLUSDT,ask,156,50165.0
2024-08-07 10:02:44,SOLUSDT,ask,156,50165.0
2024-08-07 10:02:45,SOLUSDT,ask,156,50165.0
2024-08-07 10:04:02,SOLUSDT,ask,156,50175.0
2024-08-07 10:04:02,SOLUSDT,ask,156,50175.0
2024-08-07 10:04:02,SOLUSDT,ask,156,50175.0
2024-08-07 10:05:06,SOLUSDT,ask,156,50178.0
2024-08-07 10:05:06,SOLUSDT,ask,156,50178.0
2024-08-07 10:05:06,SOLUSDT,ask,156,50178.0
2024-08-07 10:05:40,SOLUSDT,bid,75,93209.0
2024-08-07 10:05:40,SOLUSDT,bid,75,93209.0
2024-08-07 10:05:40,SOLUSDT,bid,75,93209.0
2024-08-07 10:05:41,SOLUSDT,bid,75,93208.0
2024-08-07 10:05:41,SOLUSDT,bid,75,93208.0
2024-08-07 10:05:41,SOLUSDT,ask,156,50180.0
2024-08-07 10:05:41,SOLUSDT,ask,156,50180.0
2024-08-07 10:05:41,SOLUSDT,bid,75,93208.0
2024-08-07 10:05:41,SOLUSDT,ask,156,50180.0
2024-08-07 10:06:56,SOLUSDT,ask,156,50380.0
2024-08-07 10:06:56,SOLUSDT,ask,156,50380.0
2024-08-07 10:06:56,SOLUSDT,ask,156,50380.0
2024-08-07 10:07:53,SOLUSDT,ask,156,50379.0
2024-08-07 10:07:53,SOLUSDT,ask,156,50379.0
2024-08-07 10:07:53,SOLUSDT,ask,156,50379.0
2024-08-07 10:09:26,SOLUSDT,ask,156,50381.0
2024-08-07 10:09:26,SOLUSDT,ask,156,50381.0
2024-08-07 10:09:26,SOLUSDT,ask,156,50381.0
2024-08-07 10:10:51,SOLUSDT,ask,156,50481.0
2024-08-07 10:10:51,SOLUSDT,ask,156,50481.0
2024-08-07 10:10:51,SOLUSDT,ask,156,50481.0
2024-08-07 10:10:58,SOLUSDT,ask,156,50519.0
2024-08-07 10:10:58,SOLUSDT,ask,156,50519.0
2024-08-07 10:10:58,SOLUSDT,ask,156,50519.0
2024-08-07 10:11:36,SOLUSDT,ask,156,50522.0
2024-08-07 10:11:36,SOLUSDT,ask,156,50522.0
2024-08-07 10:11:36,SOLUSDT,ask,156,50522.0
2024-08-07 10:12:02,SOLUSDT,ask,156,50561.0
2024-08-07 10:12:02,SOLUSDT,ask,156,50561.0
2024-08-07 10:12:02,SOLUSDT,ask,156,50561.0
2024-08-07 10:12:42,SOLUSDT,ask,156,50669.0
2024-08-07 10:12:42,SOLUSDT,ask,156,50669.0
2024-08-07 10:12:42,SOLUSDT,ask,156,50669.0
2024-08-07 10:13:00,SOLUSDT,ask,178,57411.0
2024-08-07 10:13:00,SOLUSDT,ask,178,57411.0
2024-08-07 10:13:00,SOLUSDT,ask,178,57411.0
2024-08-07 10:13:14,SOLUSDT,ask,156,50560.0
2024-08-07 10:13:14,SOLUSDT,ask,156,50560.0
2024-08-07 10:13:14,SOLUSDT,ask,156,50560.0
2024-08-07 10:14:58,SOLUSDT,ask,156,50542.0
2024-08-07 10:14:58,SOLUSDT,ask,156,50542.0
2024-08-07 10:14:58,SOLUSDT,ask,156,50542.0
2024-08-07 10:15:08,SOLUSDT,ask,156,50557.0
2024-08-07 10:15:08,SOLUSDT,ask,156,50557.0
2024-08-07 10:15:08,SOLUSDT,ask,156,50557.0
2024-08-07 10:18:18,SOLUSDT,ask,156,50558.0
2024-08-07 10:18:18,SOLUSDT,ask,156,50558.0
2024-08-07 10:18:18,SOLUSDT,ask,156,50558.0
2024-08-07 10:21:05,SOLUSDT,ask,156,50546.0
2024-08-07 10:21:05,SOLUSDT,ask,156,50546.0
2024-08-07 10:21:05,SOLUSDT,ask,156,50546.0
2024-08-07 10:22:33,SOLUSDT,ask,156,50556.0
2024-08-07 10:22:33,SOLUSDT,ask,156,50556.0
2024-08-07 10:22:33,SOLUSDT,ask,156,50556.0
2024-08-07 10:25:03,SOLUSDT,ask,156,50558.0
2024-08-07 10:25:03,SOLUSDT,ask,156,50558.0
2024-08-07 10:25:03,SOLUSDT,ask,156,50558.0
2024-08-07 10:25:18,SOLUSDT,ask,156,50548.0
2024-08-07 10:25:18,SOLUSDT,ask,156,50548.0
2024-08-07 10:25:18,SOLUSDT,ask,156,50548.0
2024-08-07 10:25:57,SOLUSDT,ask,156,50549.0
2024-08-07 10:25:57,SOLUSDT,ask,156,50549.0
2024-08-07 10:25:57,SOLUSDT,ask,156,50549.0
2024-08-07 10:25:57,SOLUSDT,ask,156,50550.0
2024-08-07 10:25:57,SOLUSDT,ask,156,50550.0
2024-08-07 10:25:57,SOLUSDT,ask,156,50550.0
2024-08-07 10:26:01,SOLUSDT,ask,156,50605.0
2024-08-07 10:26:01,SOLUSDT,ask,156,50605.0
2024-08-07 10:26:01,SOLUSDT,ask,156,50605.0
2024-08-07 10:26:21,SOLUSDT,ask,156,50550.0
2024-08-07 10:26:21,SOLUSDT,ask,156,50550.0
2024-08-07 10:26:21,SOLUSDT,ask,156,50550.0
2024-08-07 10:27:16,SOLUSDT,ask,156,50548.0
2024-08-07 10:27:16,SOLUSDT,ask,156,50548.0
2024-08-07 10:27:16,SOLUSDT,ask,156,50548.0
2024-08-07 10:28:26,SOLUSDT,ask,156,50550.0
2024-08-07 10:28:26,SOLUSDT,ask,156,50550.0
2024-08-07 10:28:27,SOLUSDT,ask,156,50550.0
2024-08-07 10:30:18,SOLUSDT,ask,156,50567.0
2024-08-07 10:30:18,SOLUSDT,ask,156,50567.0
2024-08-07 10:30:18,SOLUSDT,ask,156,50567.0
2024-08-07 10:31:22,SOLUSDT,ask,156,50593.0
2024-08-07 10:31:22,SOLUSDT,ask,156,50593.0
2024-08-07 10:31:22,SOLUSDT,ask,156,50593.0
2024-08-07 10:33:01,SOLUSDT,ask,156,50596.0
2024-08-07 10:33:01,SOLUSDT,ask,156,50596.0
2024-08-07 10:33:01,SOLUSDT,ask,156,50596.0
2024-08-07 10:33:17,SOLUSDT,ask,156,50570.0
2024-08-07 10:33:17,SOLUSDT,ask,156,50570.0
2024-08-07 10:33:17,SOLUSDT,ask,156,50570.0
2024-08-07 10:34:26,SOLUSDT,ask,156,50548.0
2024-08-07 10:34:26,SOLUSDT,ask,156,50548.0
2024-08-07 10:34:26,SOLUSDT,ask,156,50548.0
2024-08-07 10:34:55,SOLUSDT,ask,156,50509.0
2024-08-07 10:34:55,SOLUSDT,ask,156,50509.0
2024-08-07 10:34:55,SOLUSDT,ask,156,50509.0
2024-08-07 10:36:41,SOLUSDT,bid,75,93209.0
2024-08-07 10:36:41,SOLUSDT,bid,75,93209.0
2024-08-07 10:36:41,SOLUSDT,bid,75,93209.0
2024-08-07 10:36:41,SOLUSDT,bid,75,93208.0
2024-08-07 10:36:41,SOLUSDT,bid,75,93208.0
2024-08-07 10:36:41,SOLUSDT,bid,75,93208.0
2024-08-07 10:36:41,SOLUSDT,bid,75,93209.0
2024-08-07 10:36:41,SOLUSDT,bid,75,93209.0
2024-08-07 10:36:41,SOLUSDT,bid,75,93209.0
2024-08-07 10:36:41,SOLUSDT,bid,75,93208.0
2024-08-07 10:36:41,SOLUSDT,bid,75,93208.0
2024-08-07 10:36:41,SOLUSDT,bid,75,93208.0
2024-08-07 10:37:28,SOLUSDT,ask,156,50515.0
2024-08-07 10:37:28,SOLUSDT,ask,156,50515.0
2024-08-07 10:37:28,SOLUSDT,ask,156,50515.0
2024-08-07 10:40:41,SOLUSDT,ask,156,50534.0
2024-08-07 10:40:41,SOLUSDT,ask,156,50534.0
2024-08-07 10:40:41,SOLUSDT,ask,156,50534.0
2024-08-07 10:41:20,SOLUSDT,ask,178,57412.0
2024-08-07 10:41:20,SOLUSDT,ask,178,57412.0
2024-08-07 10:41:20,SOLUSDT,ask,178,57412.0
2024-08-07 10:42:31,SOLUSDT,ask,156,50524.0
2024-08-07 10:42:31,SOLUSDT,ask,156,50524.0
2024-08-07 10:42:31,SOLUSDT,ask,156,50524.0
2024-08-07 10:43:23,SOLUSDT,ask,156,50529.0
2024-08-07 10:43:23,SOLUSDT,ask,156,50529.0
2024-08-07 10:43:23,SOLUSDT,ask,156,50529.0
2024-08-07 10:44:57,SOLUSDT,ask,156,50532.0
2024-08-07 10:44:57,SOLUSDT,ask,156,50532.0
2024-08-07 10:44:57,SOLUSDT,ask,156,50532.0
2024-08-07 10:45:04,SOLUSDT,ask,156,50587.0
2024-08-07 10:45:04,SOLUSDT,ask,156,50587.0
2024-08-07 10:45:04,SOLUSDT,ask,156,50587.0
2024-08-07 10:46:09,SOLUSDT,ask,156,50617.0
2024-08-07 10:46:09,SOLUSDT,ask,156,50617.0
2024-08-07 10:46:09,SOLUSDT,ask,156,50617.0
2024-08-07 10:46:27,SOLUSDT,ask,156,50619.0
2024-08-07 10:46:27,SOLUSDT,ask,156,50619.0
2024-08-07 10:46:27,SOLUSDT,ask,156,50619.0
2024-08-07 10:46:42,SOLUSDT,ask,156,50769.0
2024-08-07 10:46:42,SOLUSDT,ask,156,50769.0
2024-08-07 10:46:42,SOLUSDT,ask,156,50769.0
2024-08-07 10:48:04,SOLUSDT,ask,156,50719.0
2024-08-07 10:48:04,SOLUSDT,ask,156,50719.0
2024-08-07 10:48:04,SOLUSDT,ask,156,50719.0
2024-08-07 10:48:06,SOLUSDT,ask,156,50717.0
2024-08-07 10:48:06,SOLUSDT,ask,156,50717.0
2024-08-07 10:48:06,SOLUSDT,ask,156,50717.0
2024-08-07 10:48:12,SOLUSDT,ask,156,50567.0
2024-08-07 10:48:12,SOLUSDT,ask,156,50567.0
2024-08-07 10:48:12,SOLUSDT,ask,156,50567.0
2024-08-07 10:49:26,SOLUSDT,ask,156,50567.0
2024-08-07 10:49:26,SOLUSDT,ask,156,50567.0
2024-08-07 10:49:26,SOLUSDT,ask,156,50567.0
2024-08-07 10:53:58,SOLUSDT,ask,156,50575.0
2024-08-07 10:53:58,SOLUSDT,ask,156,50575.0
2024-08-07 10:53:58,SOLUSDT,ask,156,50575.0
2024-08-07 10:55:36,SOLUSDT,ask,156,50582.0
2024-08-07 10:55:36,SOLUSDT,ask,156,50582.0
2024-08-07 10:55:36,SOLUSDT,ask,156,50582.0
2024-08-07 10:56:11,SOLUSDT,ask,156,50590.0
2024-08-07 10:56:11,SOLUSDT,ask,156,50590.0
2024-08-07 10:56:11,SOLUSDT,ask,156,50590.0
2024-08-07 10:56:20,SOLUSDT,ask,156,50593.0
2024-08-07 10:56:20,SOLUSDT,ask,156,50593.0
2024-08-07 10:56:20,SOLUSDT,ask,156,50593.0
2024-08-07 10:56:36,SOLUSDT,ask,156,50653.0
2024-08-07 10:56:36,SOLUSDT,ask,156,50653.0
2024-08-07 10:56:36,SOLUSDT,ask,156,50653.0
2024-08-07 10:56:56,SOLUSDT,ask,175,58054.0
2024-08-07 10:56:56,SOLUSDT,ask,175,58054.0
2024-08-07 10:56:57,SOLUSDT,ask,175,58054.0
2024-08-07 10:57:07,SOLUSDT,ask,156,50593.0
2024-08-07 10:57:07,SOLUSDT,ask,156,50593.0
2024-08-07 10:57:07,SOLUSDT,ask,156,50593.0
2024-08-07 10:58:46,SOLUSDT,ask,156,50702.0
2024-08-07 10:58:46,SOLUSDT,ask,156,50702.0
2024-08-07 10:58:47,SOLUSDT,ask,156,50702.0
2024-08-07 11:00:50,SOLUSDT,ask,156,50722.0
2024-08-07 11:00:50,SOLUSDT,ask,156,50722.0
2024-08-07 11:00:50,SOLUSDT,ask,156,50722.0
2024-08-07 11:03:32,SOLUSDT,ask,175,58048.0
2024-08-07 11:03:32,SOLUSDT,ask,175,58048.0
2024-08-07 11:03:32,SOLUSDT,ask,175,58048.0
2024-08-07 11:04:51,SOLUSDT,ask,156,50717.0
2024-08-07 11:04:51,SOLUSDT,ask,156,50717.0
2024-08-07 11:04:51,SOLUSDT,ask,156,50717.0
2024-08-07 11:04:59,SOLUSDT,ask,156,50878.0
2024-08-07 11:04:59,SOLUSDT,ask,156,50878.0
2024-08-07 11:04:59,SOLUSDT,ask,156,50878.0
2024-08-07 11:05:00,SOLUSDT,ask,156,51198.0
2024-08-07 11:05:00,SOLUSDT,ask,156,51198.0
2024-08-07 11:05:00,SOLUSDT,ask,156,51198.0
2024-08-07 11:05:00,SOLUSDT,ask,156,51358.0
2024-08-07 11:05:00,SOLUSDT,ask,156,51358.0
2024-08-07 11:05:00,SOLUSDT,ask,156,51358.0
2024-08-07 11:05:00,SOLUSDT,ask,156,51518.0
2024-08-07 11:05:00,SOLUSDT,ask,156,51518.0
2024-08-07 11:05:01,SOLUSDT,ask,156,51678.0
2024-08-07 11:05:01,SOLUSDT,ask,156,51678.0
2024-08-07 11:05:01,SOLUSDT,ask,156,51518.0
2024-08-07 11:05:01,SOLUSDT,ask,156,51678.0
2024-08-07 11:05:01,SOLUSDT,ask,156,51838.0
2024-08-07 11:05:01,SOLUSDT,ask,156,51838.0
2024-08-07 11:05:01,SOLUSDT,ask,156,51838.0
2024-08-07 11:05:01,SOLUSDT,ask,156,51998.0
2024-08-07 11:05:01,SOLUSDT,ask,156,51998.0
2024-08-07 11:05:01,SOLUSDT,ask,156,51998.0
2024-08-07 11:05:05,SOLUSDT,ask,156,51999.0
2024-08-07 11:05:05,SOLUSDT,ask,156,51999.0
2024-08-07 11:05:06,SOLUSDT,ask,156,51999.0
2024-08-07 11:06:28,SOLUSDT,ask,200,54733.0
2024-08-07 11:06:28,SOLUSDT,ask,200,54733.0
2024-08-07 11:06:29,SOLUSDT,ask,200,54733.0
2024-08-07 11:07:10,SOLUSDT,ask,156,50720.0
2024-08-07 11:07:10,SOLUSDT,ask,156,50720.0
2024-08-07 11:07:11,SOLUSDT,ask,156,50720.0
2024-08-07 11:07:18,SOLUSDT,ask,156,50760.0
2024-08-07 11:07:18,SOLUSDT,ask,156,50760.0
2024-08-07 11:07:18,SOLUSDT,ask,156,50760.0
2024-08-07 11:07:25,SOLUSDT,ask,156,50746.0
2024-08-07 11:07:25,SOLUSDT,ask,156,50746.0
2024-08-07 11:07:25,SOLUSDT,ask,156,50746.0
2024-08-07 11:07:28,SOLUSDT,ask,156,50772.0
2024-08-07 11:07:28,SOLUSDT,ask,156,50772.0
2024-08-07 11:07:28,SOLUSDT,ask,156,50772.0
2024-08-07 11:07:43,SOLUSDT,ask,156,50773.0
2024-08-07 11:07:43,SOLUSDT,ask,156,50773.0
2024-08-07 11:07:43,SOLUSDT,ask,156,50773.0
2024-08-07 11:07:47,SOLUSDT,ask,156,50733.0
2024-08-07 11:07:47,SOLUSDT,ask,156,50733.0
2024-08-07 11:07:47,SOLUSDT,ask,156,50733.0
2024-08-07 11:07:48,SOLUSDT,ask,156,50732.0
2024-08-07 11:07:48,SOLUSDT,ask,156,50732.0
2024-08-07 11:07:48,SOLUSDT,ask,156,50732.0
2024-08-07 11:07:55,SOLUSDT,ask,156,50733.0
2024-08-07 11:07:55,SOLUSDT,ask,156,50733.0
2024-08-07 11:07:56,SOLUSDT,ask,156,50733.0
2024-08-07 11:08:05,SOLUSDT,ask,156,50732.0
2024-08-07 11:08:05,SOLUSDT,ask,156,50732.0
2024-08-07 11:08:05,SOLUSDT,ask,156,50732.0
2024-08-07 11:08:36,SOLUSDT,ask,156,50731.0
2024-08-07 11:08:36,SOLUSDT,ask,156,50731.0
2024-08-07 11:08:36,SOLUSDT,ask,156,50731.0
2024-08-07 11:09:04,SOLUSDT,ask,156,50738.0
2024-08-07 11:09:04,SOLUSDT,ask,156,50738.0
2024-08-07 11:09:04,SOLUSDT,ask,156,50738.0
2024-08-07 11:09:38,SOLUSDT,ask,156,50712.0
2024-08-07 11:09:38,SOLUSDT,ask,156,50712.0
2024-08-07 11:09:38,SOLUSDT,ask,156,50712.0
2024-08-07 11:10:27,SOLUSDT,ask,156,50713.0
2024-08-07 11:10:27,SOLUSDT,ask,156,50713.0
2024-08-07 11:10:27,SOLUSDT,ask,156,50713.0
2024-08-07 11:10:40,SOLUSDT,ask,156,50741.0
2024-08-07 11:10:40,SOLUSDT,ask,156,50741.0
2024-08-07 11:10:40,SOLUSDT,ask,156,50741.0
2024-08-07 11:10:45,SOLUSDT,ask,156,50855.0
2024-08-07 11:10:45,SOLUSDT,ask,156,50855.0
2024-08-07 11:10:45,SOLUSDT,ask,156,50855.0
2024-08-07 11:10:46,SOLUSDT,ask,156,50847.0
2024-08-07 11:10:46,SOLUSDT,ask,156,50847.0
2024-08-07 11:10:46,SOLUSDT,ask,156,50847.0
2024-08-07 11:10:56,SOLUSDT,ask,156,50825.0
2024-08-07 11:10:56,SOLUSDT,ask,156,50825.0
2024-08-07 11:10:56,SOLUSDT,ask,156,50825.0
2024-08-07 11:11:04,SOLUSDT,ask,156,51084.0
2024-08-07 11:11:04,SOLUSDT,ask,156,51084.0
2024-08-07 11:11:05,SOLUSDT,ask,156,51084.0
2024-08-07 11:11:11,SOLUSDT,ask,156,51082.0
2024-08-07 11:11:11,SOLUSDT,ask,156,51082.0
2024-08-07 11:11:11,SOLUSDT,ask,156,51082.0
2024-08-07 11:11:18,SOLUSDT,ask,156,50882.0
2024-08-07 11:11:18,SOLUSDT,ask,156,50882.0
2024-08-07 11:11:18,SOLUSDT,ask,156,50882.0
2024-08-07 11:11:18,SOLUSDT,ask,156,50865.0
2024-08-07 11:11:18,SOLUSDT,ask,156,50865.0
2024-08-07 11:11:18,SOLUSDT,ask,156,50865.0
2024-08-07 11:11:46,SOLUSDT,ask,156,50993.0
2024-08-07 11:11:46,SOLUSDT,ask,156,50993.0
2024-08-07 11:11:46,SOLUSDT,ask,156,50993.0
2024-08-07 11:11:47,SOLUSDT,ask,156,51008.0
2024-08-07 11:11:47,SOLUSDT,ask,156,51008.0
2024-08-07 11:11:48,SOLUSDT,ask,156,51008.0
2024-08-07 11:11:48,SOLUSDT,ask,156,51015.0
2024-08-07 11:11:48,SOLUSDT,ask,156,51015.0
2024-08-07 11:11:49,SOLUSDT,ask,156,51015.0
2024-08-07 11:12:01,SOLUSDT,ask,200,54733.0
2024-08-07 11:12:01,SOLUSDT,ask,200,54733.0
2024-08-07 11:12:01,SOLUSDT,ask,200,54733.0
2024-08-07 11:12:15,SOLUSDT,ask,178,57413.0
2024-08-07 11:12:15,SOLUSDT,ask,178,57413.0
2024-08-07 11:12:15,SOLUSDT,ask,178,57413.0
2024-08-07 11:12:21,SOLUSDT,ask,156,51031.0
2024-08-07 11:12:21,SOLUSDT,ask,156,51031.0
2024-08-07 11:12:21,SOLUSDT,ask,156,51031.0
2024-08-07 11:12:33,SOLUSDT,ask,156,51148.0
2024-08-07 11:12:33,SOLUSDT,ask,156,51148.0
2024-08-07 11:12:33,SOLUSDT,ask,156,51148.0
2024-08-07 11:12:45,SOLUSDT,ask,156,50982.0
2024-08-07 11:12:45,SOLUSDT,ask,156,50982.0
2024-08-07 11:12:45,SOLUSDT,ask,156,50982.0
2024-08-07 11:12:50,SOLUSDT,ask,156,51082.0
2024-08-07 11:12:50,SOLUSDT,ask,156,51082.0
2024-08-07 11:12:50,SOLUSDT,ask,156,51082.0
2024-08-07 11:12:54,SOLUSDT,ask,156,50823.0
2024-08-07 11:12:54,SOLUSDT,ask,156,50823.0
2024-08-07 11:12:54,SOLUSDT,ask,156,50823.0
2024-08-07 11:13:14,SOLUSDT,ask,156,50700.0
2024-08-07 11:13:14,SOLUSDT,ask,156,50700.0
2024-08-07 11:13:14,SOLUSDT,ask,156,50700.0
2024-08-07 11:13:17,SOLUSDT,ask,156,50704.0
2024-08-07 11:13:17,SOLUSDT,ask,156,50704.0
2024-08-07 11:13:17,SOLUSDT,ask,156,50704.0
2024-08-07 11:13:21,SOLUSDT,ask,156,50726.0
2024-08-07 11:13:21,SOLUSDT,ask,156,50726.0
2024-08-07 11:13:21,SOLUSDT,ask,156,50726.0
2024-08-07 11:13:44,SOLUSDT,ask,156,50723.0
2024-08-07 11:13:44,SOLUSDT,ask,156,50723.0
2024-08-07 11:13:44,SOLUSDT,ask,156,50723.0
2024-08-07 11:13:58,SOLUSDT,ask,156,50722.0
2024-08-07 11:13:58,SOLUSDT,ask,156,50722.0
2024-08-07 11:13:58,SOLUSDT,ask,156,50722.0
2024-08-07 11:14:17,SOLUSDT,ask,156,50622.0
2024-08-07 11:14:17,SOLUSDT,ask,156,50622.0
2024-08-07 11:14:18,SOLUSDT,ask,156,50622.0
2024-08-07 11:14:21,SOLUSDT,ask,156,50619.0
2024-08-07 11:14:21,SOLUSDT,ask,156,50619.0
2024-08-07 11:14:21,SOLUSDT,ask,156,50619.0
2024-08-07 11:14:24,SOLUSDT,ask,156,50620.0
2024-08-07 11:14:24,SOLUSDT,ask,156,50620.0
2024-08-07 11:14:24,SOLUSDT,ask,156,50620.0
2024-08-07 11:14:31,SOLUSDT,ask,156,50630.0
2024-08-07 11:14:31,SOLUSDT,ask,156,50630.0
2024-08-07 11:14:31,SOLUSDT,ask,156,50630.0
2024-08-07 11:14:58,SOLUSDT,ask,156,50611.0
2024-08-07 11:14:58,SOLUSDT,ask,156,50611.0
2024-08-07 11:14:58,SOLUSDT,ask,156,50611.0
2024-08-07 11:14:58,SOLUSDT,ask,156,51572.0
2024-08-07 11:14:58,SOLUSDT,ask,156,51572.0
2024-08-07 11:14:58,SOLUSDT,ask,156,51572.0
2024-08-07 11:15:28,SOLUSDT,ask,156,51592.0
2024-08-07 11:15:28,SOLUSDT,ask,156,51592.0
2024-08-07 11:15:28,SOLUSDT,ask,156,51592.0
2024-08-07 11:15:36,SOLUSDT,ask,156,51590.0
2024-08-07 11:15:36,SOLUSDT,ask,156,51590.0
2024-08-07 11:15:36,SOLUSDT,ask,156,51590.0
2024-08-07 11:15:41,SOLUSDT,ask,156,52390.0
2024-08-07 11:15:41,SOLUSDT,ask,156,52390.0
2024-08-07 11:15:42,SOLUSDT,ask,156,52390.0
2024-08-07 11:15:53,SOLUSDT,ask,156,52391.0
2024-08-07 11:15:53,SOLUSDT,ask,156,52391.0
2024-08-07 11:15:53,SOLUSDT,ask,156,52391.0
2024-08-07 11:16:07,SOLUSDT,ask,156,52395.0
2024-08-07 11:16:07,SOLUSDT,ask,156,52395.0
2024-08-07 11:16:07,SOLUSDT,ask,156,52395.0
2024-08-07 11:16:12,SOLUSDT,ask,156,52390.0
2024-08-07 11:16:12,SOLUSDT,ask,156,52390.0
2024-08-07 11:16:13,SOLUSDT,ask,156,52390.0
2024-08-07 11:16:13,SOLUSDT,ask,156,52398.0
2024-08-07 11:16:13,SOLUSDT,ask,156,52398.0
2024-08-07 11:16:14,SOLUSDT,ask,156,52398.0
2024-08-07 11:16:27,SOLUSDT,ask,156,52397.0
2024-08-07 11:16:27,SOLUSDT,ask,156,52397.0
2024-08-07 11:16:27,SOLUSDT,ask,156,52397.0
2024-08-07 11:16:34,SOLUSDT,ask,156,52392.0
2024-08-07 11:16:34,SOLUSDT,ask,156,52392.0
2024-08-07 11:16:34,SOLUSDT,ask,156,52392.0
2024-08-07 11:16:37,SOLUSDT,ask,156,52433.0
2024-08-07 11:16:37,SOLUSDT,ask,156,52433.0
2024-08-07 11:16:37,SOLUSDT,ask,156,52433.0
2024-08-07 11:16:42,SOLUSDT,ask,200,54732.0
2024-08-07 11:16:42,SOLUSDT,ask,200,54732.0
2024-08-07 11:16:42,SOLUSDT,ask,200,54732.0
2024-08-07 11:16:49,SOLUSDT,ask,200,54733.0
2024-08-07 11:16:49,SOLUSDT,ask,200,54733.0
2024-08-07 11:16:49,SOLUSDT,ask,200,54733.0
2024-08-07 11:17:18,SOLUSDT,ask,156,52437.0
2024-08-07 11:17:18,SOLUSDT,ask,156,52437.0
2024-08-07 11:17:19,SOLUSDT,ask,156,52437.0
2024-08-07 11:17:24,SOLUSDT,ask,156,52441.0
2024-08-07 11:17:24,SOLUSDT,ask,156,52441.0
2024-08-07 11:17:24,SOLUSDT,ask,156,52441.0
2024-08-07 11:17:35,SOLUSDT,ask,156,52433.0
2024-08-07 11:17:35,SOLUSDT,ask,156,52433.0
2024-08-07 11:17:35,SOLUSDT,ask,156,52433.0
2024-08-07 11:17:36,SOLUSDT,ask,156,52436.0
2024-08-07 11:17:36,SOLUSDT,ask,156,52436.0
2024-08-07 11:17:36,SOLUSDT,ask,156,52436.0
2024-08-07 11:17:46,SOLUSDT,ask,156,52437.0
2024-08-07 11:17:46,SOLUSDT,ask,156,52437.0
2024-08-07 11:17:47,SOLUSDT,ask,156,52437.0
2024-08-07 11:17:48,SOLUSDT,ask,156,52565.0
2024-08-07 11:17:48,SOLUSDT,ask,156,52565.0
2024-08-07 11:17:48,SOLUSDT,ask,156,52565.0
2024-08-07 11:17:51,SOLUSDT,ask,156,52564.0
2024-08-07 11:17:51,SOLUSDT,ask,156,52564.0
2024-08-07 11:17:51,SOLUSDT,ask,156,52564.0
2024-08-07 11:18:22,SOLUSDT,ask,156,52413.0
2024-08-07 11:18:22,SOLUSDT,ask,156,52413.0
2024-08-07 11:18:23,SOLUSDT,ask,156,52413.0
2024-08-07 11:18:32,SOLUSDT,ask,156,52394.0
2024-08-07 11:18:32,SOLUSDT,ask,156,52394.0
2024-08-07 11:18:32,SOLUSDT,ask,156,52394.0
2024-08-07 11:18:34,SOLUSDT,ask,156,52339.0
2024-08-07 11:18:34,SOLUSDT,ask,156,52339.0
2024-08-07 11:18:34,SOLUSDT,ask,156,52339.0
2024-08-07 11:18:47,SOLUSDT,ask,156,52340.0
2024-08-07 11:18:47,SOLUSDT,ask,156,52340.0
2024-08-07 11:18:47,SOLUSDT,ask,156,52340.0
2024-08-07 11:19:12,SOLUSDT,ask,156,52402.0
2024-08-07 11:19:12,SOLUSDT,ask,156,52402.0
2024-08-07 11:19:12,SOLUSDT,ask,156,52402.0
2024-08-07 11:19:51,SOLUSDT,ask,156,52400.0
2024-08-07 11:19:51,SOLUSDT,ask,156,52400.0
2024-08-07 11:19:51,SOLUSDT,ask,156,52400.0
2024-08-07 11:19:54,SOLUSDT,ask,200,54730.0
2024-08-07 11:19:54,SOLUSDT,ask,200,54730.0
2024-08-07 11:19:54,SOLUSDT,ask,200,54730.0
2024-08-07 11:20:06,SOLUSDT,ask,156,52380.0
2024-08-07 11:20:06,SOLUSDT,ask,156,52380.0
2024-08-07 11:20:07,SOLUSDT,ask,156,52380.0
2024-08-07 11:20:21,SOLUSDT,ask,156,52280.0
2024-08-07 11:20:21,SOLUSDT,ask,156,52280.0
2024-08-07 11:20:22,SOLUSDT,ask,156,52280.0
2024-08-07 11:20:23,SOLUSDT,ask,156,52281.0
2024-08-07 11:20:23,SOLUSDT,ask,156,52281.0
2024-08-07 11:20:24,SOLUSDT,ask,156,52281.0
2024-08-07 11:20:25,SOLUSDT,ask,156,52300.0
2024-08-07 11:20:25,SOLUSDT,ask,156,52300.0
2024-08-07 11:20:26,SOLUSDT,ask,156,52300.0
2024-08-07 11:20:46,SOLUSDT,ask,156,52540.0
2024-08-07 11:20:46,SOLUSDT,ask,156,52540.0
2024-08-07 11:20:46,SOLUSDT,ask,156,52540.0
2024-08-07 11:20:47,SOLUSDT,ask,156,52539.0
2024-08-07 11:20:47,SOLUSDT,ask,156,52539.0
2024-08-07 11:20:47,SOLUSDT,ask,156,52539.0
2024-08-07 11:20:56,SOLUSDT,ask,156,52549.0
2024-08-07 11:20:56,SOLUSDT,ask,156,52549.0
2024-08-07 11:20:56,SOLUSDT,ask,156,52549.0
2024-08-07 11:21:48,SOLUSDT,ask,156,52418.0
2024-08-07 11:21:48,SOLUSDT,ask,156,52418.0
2024-08-07 11:21:48,SOLUSDT,ask,156,52418.0
2024-08-07 11:21:50,SOLUSDT,ask,156,52413.0
2024-08-07 11:21:50,SOLUSDT,ask,156,52413.0
2024-08-07 11:21:50,SOLUSDT,ask,156,52413.0
2024-08-07 11:22:20,SOLUSDT,ask,156,52415.0
2024-08-07 11:22:20,SOLUSDT,ask,156,52415.0
2024-08-07 11:22:20,SOLUSDT,ask,156,52415.0
2024-08-07 11:22:33,SOLUSDT,ask,156,52265.0
2024-08-07 11:22:33,SOLUSDT,ask,156,52265.0
2024-08-07 11:22:33,SOLUSDT,ask,156,52265.0
2024-08-07 11:22:38,SOLUSDT,ask,156,52274.0
2024-08-07 11:22:38,SOLUSDT,ask,156,52274.0
2024-08-07 11:22:38,SOLUSDT,ask,156,52274.0
2024-08-07 11:22:41,SOLUSDT,ask,156,52275.0
2024-08-07 11:22:41,SOLUSDT,ask,156,52275.0
2024-08-07 11:22:41,SOLUSDT,ask,156,52275.0
2024-08-07 11:22:44,SOLUSDT,ask,156,52274.0
2024-08-07 11:22:44,SOLUSDT,ask,156,52274.0
2024-08-07 11:22:44,SOLUSDT,ask,156,52274.0
2024-08-07 11:22:47,SOLUSDT,ask,156,52275.0
2024-08-07 11:22:47,SOLUSDT,ask,156,52275.0
2024-08-07 11:22:47,SOLUSDT,ask,156,52275.0
2024-08-07 11:23:16,SOLUSDT,ask,156,52351.0
2024-08-07 11:23:16,SOLUSDT,ask,156,52351.0
2024-08-07 11:23:16,SOLUSDT,ask,156,52351.0
2024-08-07 11:23:58,SOLUSDT,ask,156,52405.0
2024-08-07 11:23:58,SOLUSDT,ask,156,52405.0
2024-08-07 11:23:58,SOLUSDT,ask,156,52405.0
2024-08-07 11:24:10,SOLUSDT,ask,156,52435.0
2024-08-07 11:24:10,SOLUSDT,ask,156,52435.0
2024-08-07 11:24:10,SOLUSDT,ask,156,52435.0
2024-08-07 11:24:42,SOLUSDT,ask,156,52358.0
2024-08-07 11:24:42,SOLUSDT,ask,156,52358.0
2024-08-07 11:24:43,SOLUSDT,ask,156,52358.0
2024-08-07 11:24:48,SOLUSDT,ask,156,52359.0
2024-08-07 11:24:48,SOLUSDT,ask,156,52359.0
2024-08-07 11:24:48,SOLUSDT,ask,156,52359.0
2024-08-07 11:25:14,SOLUSDT,ask,156,52360.0
2024-08-07 11:25:14,SOLUSDT,ask,156,52360.0
2024-08-07 11:25:14,SOLUSDT,ask,156,52360.0
2024-08-07 11:25:23,SOLUSDT,ask,156,52359.0
2024-08-07 11:25:23,SOLUSDT,ask,156,52359.0
2024-08-07 11:25:23,SOLUSDT,ask,156,52359.0
2024-08-07 11:25:32,SOLUSDT,ask,156,52559.0
2024-08-07 11:25:32,SOLUSDT,ask,156,52559.0
2024-08-07 11:25:32,SOLUSDT,ask,156,52559.0
2024-08-07 11:25:35,SOLUSDT,ask,156,52538.0
2024-08-07 11:25:35,SOLUSDT,ask,156,52538.0
2024-08-07 11:25:36,SOLUSDT,ask,156,52538.0
2024-08-07 11:25:39,SOLUSDT,ask,156,52547.0
2024-08-07 11:25:39,SOLUSDT,ask,156,52547.0
2024-08-07 11:25:39,SOLUSDT,ask,156,52547.0
2024-08-07 11:25:57,SOLUSDT,ask,156,52498.0
2024-08-07 11:25:57,SOLUSDT,ask,156,52498.0
2024-08-07 11:25:57,SOLUSDT,ask,156,52498.0
2024-08-07 11:25:59,SOLUSDT,ask,156,52499.0
2024-08-07 11:25:59,SOLUSDT,ask,156,52499.0
2024-08-07 11:25:59,SOLUSDT,ask,156,52499.0
2024-08-07 11:26:37,SOLUSDT,ask,156,52530.0
2024-08-07 11:26:37,SOLUSDT,ask,156,52530.0
2024-08-07 11:26:37,SOLUSDT,ask,156,52530.0
2024-08-07 11:26:48,SOLUSDT,ask,156,52523.0
2024-08-07 11:26:48,SOLUSDT,ask,156,52523.0
2024-08-07 11:26:48,SOLUSDT,ask,156,52523.0
2024-08-07 11:26:55,SOLUSDT,ask,156,52524.0
2024-08-07 11:26:55,SOLUSDT,ask,156,52524.0
2024-08-07 11:26:55,SOLUSDT,ask,156,52524.0
2024-08-07 11:27:49,SOLUSDT,ask,156,52526.0
2024-08-07 11:27:49,SOLUSDT,ask,156,52526.0
2024-08-07 11:27:49,SOLUSDT,ask,156,52526.0
2024-08-07 11:28:09,SOLUSDT,ask,156,52525.0
2024-08-07 11:28:09,SOLUSDT,ask,156,52525.0
2024-08-07 11:28:09,SOLUSDT,ask,156,52525.0
2024-08-07 11:28:30,SOLUSDT,ask,156,52528.0
2024-08-07 11:28:30,SOLUSDT,ask,156,52528.0
2024-08-07 11:28:30,SOLUSDT,ask,156,52528.0
2024-08-07 11:28:48,SOLUSDT,ask,156,52529.0
2024-08-07 11:28:48,SOLUSDT,ask,178,57414.0
2024-08-07 11:28:48,SOLUSDT,ask,200,54732.0
2024-08-07 11:28:48,SOLUSDT,ask,156,52529.0
2024-08-07 11:28:48,SOLUSDT,ask,178,57414.0
2024-08-07 11:28:48,SOLUSDT,ask,200,54732.0
2024-08-07 11:28:48,SOLUSDT,ask,156,52529.0
2024-08-07 11:28:48,SOLUSDT,ask,178,57414.0
2024-08-07 11:28:48,SOLUSDT,ask,200,54732.0
2024-08-07 11:29:22,SOLUSDT,ask,156,52528.0
2024-08-07 11:29:22,SOLUSDT,ask,178,57413.0
2024-08-07 11:29:22,SOLUSDT,ask,200,54731.0
2024-08-07 11:29:22,SOLUSDT,ask,156,52528.0
2024-08-07 11:29:22,SOLUSDT,ask,178,57413.0
2024-08-07 11:29:22,SOLUSDT,ask,200,54731.0
2024-08-07 11:29:22,SOLUSDT,ask,156,52537.0
2024-08-07 11:29:22,SOLUSDT,ask,156,52537.0
2024-08-07 11:29:22,SOLUSDT,ask,156,52528.0
2024-08-07 11:29:22,SOLUSDT,ask,178,57413.0
2024-08-07 11:29:22,SOLUSDT,ask,200,54731.0
2024-08-07 11:29:22,SOLUSDT,ask,156,52537.0
2024-08-07 11:29:24,SOLUSDT,ask,156,52536.0
2024-08-07 11:29:24,SOLUSDT,ask,156,52536.0
2024-08-07 11:29:24,SOLUSDT,ask,156,52536.0
2024-08-07 11:29:34,SOLUSDT,ask,156,52541.0
2024-08-07 11:29:34,SOLUSDT,ask,156,52541.0
2024-08-07 11:29:34,SOLUSDT,ask,156,52541.0
2024-08-07 11:29:48,SOLUSDT,ask,156,52839.0
2024-08-07 11:29:48,SOLUSDT,ask,156,52839.0
2024-08-07 11:29:48,SOLUSDT,ask,156,52839.0
2024-08-07 11:30:03,SOLUSDT,ask,156,52835.0
2024-08-07 11:30:03,SOLUSDT,ask,156,52835.0
2024-08-07 11:30:03,SOLUSDT,ask,156,52835.0
2024-08-07 11:30:16,SOLUSDT,ask,156,52899.0
2024-08-07 11:30:16,SOLUSDT,ask,156,52899.0
2024-08-07 11:30:16,SOLUSDT,ask,156,52899.0
2024-08-07 11:31:03,SOLUSDT,ask,156,52897.0
2024-08-07 11:31:03,SOLUSDT,ask,156,52897.0
2024-08-07 11:31:03,SOLUSDT,ask,156,52897.0
2024-08-07 11:31:31,SOLUSDT,ask,156,52591.0
2024-08-07 11:31:31,SOLUSDT,ask,156,52591.0
2024-08-07 11:31:31,SOLUSDT,ask,156,52591.0
2024-08-07 11:31:36,SOLUSDT,ask,156,52592.0
2024-08-07 11:31:36,SOLUSDT,ask,156,52592.0
2024-08-07 11:31:36,SOLUSDT,ask,156,52592.0
2024-08-07 11:31:41,SOLUSDT,ask,156,52675.0
2024-08-07 11:31:41,SOLUSDT,ask,156,52675.0
2024-08-07 11:31:41,SOLUSDT,ask,156,52675.0
2024-08-07 11:31:42,SOLUSDT,ask,156,52592.0
2024-08-07 11:31:42,SOLUSDT,ask,156,52592.0
2024-08-07 11:31:42,SOLUSDT,ask,156,52592.0
2024-08-07 11:31:55,SOLUSDT,ask,156,52598.0
2024-08-07 11:31:55,SOLUSDT,ask,156,52598.0
2024-08-07 11:31:55,SOLUSDT,ask,156,52598.0
2024-08-07 11:32:06,SOLUSDT,ask,156,52604.0
2024-08-07 11:32:06,SOLUSDT,ask,156,52604.0
2024-08-07 11:32:06,SOLUSDT,ask,156,52604.0
2024-08-07 11:32:09,SOLUSDT,ask,156,52624.0
2024-08-07 11:32:09,SOLUSDT,ask,156,52624.0
2024-08-07 11:32:09,SOLUSDT,ask,156,52624.0
2024-08-07 11:32:26,SOLUSDT,ask,156,52603.0
2024-08-07 11:32:26,SOLUSDT,ask,156,52603.0
2024-08-07 11:32:26,SOLUSDT,ask,156,52603.0
2024-08-07 11:32:31,SOLUSDT,ask,156,52562.0
2024-08-07 11:32:31,SOLUSDT,ask,156,52562.0
2024-08-07 11:32:31,SOLUSDT,ask,156,52562.0
2024-08-07 11:32:36,SOLUSDT,ask,156,52578.0
2024-08-07 11:32:36,SOLUSDT,ask,156,52578.0
2024-08-07 11:32:37,SOLUSDT,ask,156,52578.0
2024-08-07 11:32:46,SOLUSDT,ask,156,52422.0
2024-08-07 11:32:46,SOLUSDT,ask,156,52422.0
2024-08-07 11:32:47,SOLUSDT,ask,156,52422.0
2024-08-07 11:33:08,SOLUSDT,ask,156,52316.0
2024-08-07 11:33:08,SOLUSDT,ask,156,52316.0
2024-08-07 11:33:09,SOLUSDT,ask,156,52316.0
2024-08-07 11:33:34,SOLUSDT,ask,156,52318.0
2024-08-07 11:33:34,SOLUSDT,ask,156,52318.0
2024-08-07 11:33:35,SOLUSDT,ask,156,52318.0
2024-08-07 11:33:39,SOLUSDT,ask,156,52319.0
2024-08-07 11:33:39,SOLUSDT,ask,156,52319.0
2024-08-07 11:33:40,SOLUSDT,ask,156,52319.0
2024-08-07 11:33:47,SOLUSDT,ask,156,52318.0
2024-08-07 11:33:47,SOLUSDT,ask,156,52318.0
2024-08-07 11:33:47,SOLUSDT,ask,156,52318.0
2024-08-07 11:33:55,SOLUSDT,bid,53,94861.0
2024-08-07 11:33:55,SOLUSDT,bid,53,94861.0
2024-08-07 11:33:55,SOLUSDT,bid,53,94861.0
2024-08-07 11:34:02,SOLUSDT,bid,53,94856.0
2024-08-07 11:34:02,SOLUSDT,bid,53,94856.0
2024-08-07 11:34:02,SOLUSDT,bid,53,94856.0
2024-08-07 11:34:55,SOLUSDT,ask,156,52319.0
2024-08-07 11:34:55,SOLUSDT,ask,156,52319.0
2024-08-07 11:34:55,SOLUSDT,ask,156,52319.0
2024-08-07 11:34:57,SOLUSDT,ask,156,52303.0
2024-08-07 11:34:57,SOLUSDT,ask,156,52303.0
2024-08-07 11:34:57,SOLUSDT,ask,156,52303.0
2024-08-07 11:35:49,SOLUSDT,ask,156,52324.0
2024-08-07 11:35:49,SOLUSDT,ask,156,52324.0
2024-08-07 11:35:49,SOLUSDT,ask,156,52324.0
2024-08-07 11:36:12,SOLUSDT,ask,156,52325.0
2024-08-07 11:36:12,SOLUSDT,ask,156,52325.0
2024-08-07 11:36:12,SOLUSDT,ask,156,52325.0
2024-08-07 11:36:13,SOLUSDT,ask,156,52240.0
2024-08-07 11:36:13,SOLUSDT,ask,156,52240.0
2024-08-07 11:36:13,SOLUSDT,ask,156,52240.0
2024-08-07 11:36:19,SOLUSDT,ask,156,52357.0
2024-08-07 11:36:19,SOLUSDT,ask,156,52357.0
2024-08-07 11:36:19,SOLUSDT,ask,156,52357.0
2024-08-07 11:36:23,SOLUSDT,ask,156,52272.0
2024-08-07 11:36:23,SOLUSDT,ask,156,52272.0
2024-08-07 11:36:23,SOLUSDT,ask,156,52272.0
2024-08-07 11:36:43,SOLUSDT,ask,156,52096.0
2024-08-07 11:36:43,SOLUSDT,ask,156,52096.0
2024-08-07 11:36:43,SOLUSDT,ask,156,52096.0
2024-08-07 11:36:47,SOLUSDT,ask,156,52099.0
2024-08-07 11:36:47,SOLUSDT,ask,156,52099.0
2024-08-07 11:36:47,SOLUSDT,ask,156,52099.0
2024-08-07 11:37:16,SOLUSDT,ask,156,52756.0
2024-08-07 11:37:16,SOLUSDT,ask,156,52756.0
2024-08-07 11:37:16,SOLUSDT,ask,156,52756.0
2024-08-07 11:37:23,SOLUSDT,ask,156,52762.0
2024-08-07 11:37:23,SOLUSDT,ask,156,52762.0
2024-08-07 11:37:23,SOLUSDT,ask,156,52762.0
2024-08-07 11:37:32,SOLUSDT,ask,156,52781.0
2024-08-07 11:37:32,SOLUSDT,ask,156,52781.0
2024-08-07 11:37:33,SOLUSDT,ask,156,52781.0
2024-08-07 11:38:25,SOLUSDT,ask,156,52779.0
2024-08-07 11:38:25,SOLUSDT,ask,156,52779.0
2024-08-07 11:38:25,SOLUSDT,ask,156,52779.0
2024-08-07 11:38:34,SOLUSDT,ask,156,52798.0
2024-08-07 11:38:34,SOLUSDT,ask,156,52798.0
2024-08-07 11:38:34,SOLUSDT,ask,156,52798.0
2024-08-07 11:40:21,SOLUSDT,ask,156,52918.0
2024-08-07 11:40:21,SOLUSDT,ask,156,52918.0
2024-08-07 11:40:21,SOLUSDT,ask,156,52918.0
2024-08-07 11:40:44,SOLUSDT,ask,156,52917.0
2024-08-07 11:40:44,SOLUSDT,ask,156,52917.0
2024-08-07 11:40:44,SOLUSDT,ask,156,52917.0
2024-08-07 11:40:57,SOLUSDT,ask,156,52922.0
2024-08-07 11:40:57,SOLUSDT,ask,156,52922.0
2024-08-07 11:40:57,SOLUSDT,ask,156,52922.0
2024-08-07 11:40:57,SOLUSDT,ask,156,52923.0
2024-08-07 11:40:57,SOLUSDT,ask,156,52923.0
2024-08-07 11:40:57,SOLUSDT,ask,156,52923.0
2024-08-07 11:41:08,SOLUSDT,ask,156,52932.0
2024-08-07 11:41:08,SOLUSDT,ask,156,52932.0
2024-08-07 11:41:08,SOLUSDT,ask,156,52932.0
2024-08-07 11:41:19,SOLUSDT,ask,156,52912.0
2024-08-07 11:41:19,SOLUSDT,ask,156,52912.0
2024-08-07 11:41:19,SOLUSDT,ask,156,52912.0
2024-08-07 11:41:35,SOLUSDT,ask,156,52255.0
2024-08-07 11:41:35,SOLUSDT,ask,156,52255.0
2024-08-07 11:41:35,SOLUSDT,ask,156,52255.0
2024-08-07 11:41:42,SOLUSDT,ask,156,52127.0
2024-08-07 11:41:42,SOLUSDT,ask,156,52127.0
2024-08-07 11:41:42,SOLUSDT,ask,156,52129.0
2024-08-07 11:41:42,SOLUSDT,ask,156,52129.0
2024-08-07 11:41:42,SOLUSDT,ask,156,52127.0
2024-08-07 11:41:42,SOLUSDT,ask,156,52129.0
2024-08-07 11:41:56,SOLUSDT,ask,200,54730.0
2024-08-07 11:41:56,SOLUSDT,ask,200,54730.0
2024-08-07 11:41:56,SOLUSDT,ask,200,54730.0
2024-08-07 11:42:09,SOLUSDT,ask,156,52127.0
2024-08-07 11:42:09,SOLUSDT,ask,156,52127.0
2024-08-07 11:42:10,SOLUSDT,ask,156,52127.0
2024-08-07 11:43:00,SOLUSDT,ask,156,52137.0
2024-08-07 11:43:00,SOLUSDT,ask,156,52137.0
2024-08-07 11:43:00,SOLUSDT,ask,156,52137.0
2024-08-07 11:43:09,SOLUSDT,ask,156,52142.0
2024-08-07 11:43:09,SOLUSDT,ask,156,52142.0
2024-08-07 11:43:09,SOLUSDT,ask,156,52142.0
2024-08-07 11:43:17,SOLUSDT,ask,156,52138.0
2024-08-07 11:43:17,SOLUSDT,ask,156,52138.0
2024-08-07 11:43:17,SOLUSDT,ask,156,52138.0
2024-08-07 11:43:19,SOLUSDT,ask,156,52158.0
2024-08-07 11:43:19,SOLUSDT,ask,156,52158.0
2024-08-07 11:43:19,SOLUSDT,ask,156,52158.0
2024-08-07 11:44:20,SOLUSDT,ask,156,52158.0
2024-08-07 11:44:20,SOLUSDT,ask,156,52158.0
2024-08-07 11:44:20,SOLUSDT,ask,156,52158.0
2024-08-07 11:44:45,SOLUSDT,ask,156,52120.0
2024-08-07 11:44:45,SOLUSDT,ask,156,52120.0
2024-08-07 11:44:45,SOLUSDT,ask,156,52120.0
2024-08-07 11:44:54,SOLUSDT,ask,156,52111.0
2024-08-07 11:44:54,SOLUSDT,ask,156,52111.0
2024-08-07 11:44:54,SOLUSDT,ask,156,52111.0
2024-08-07 11:44:57,SOLUSDT,ask,156,52079.0
2024-08-07 11:44:57,SOLUSDT,ask,156,52079.0
2024-08-07 11:44:57,SOLUSDT,ask,156,52079.0
2024-08-07 11:45:07,SOLUSDT,ask,156,51970.0
2024-08-07 11:45:07,SOLUSDT,ask,156,51970.0
2024-08-07 11:45:07,SOLUSDT,ask,156,51970.0
2024-08-07 11:45:39,SOLUSDT,ask,156,51975.0
2024-08-07 11:45:39,SOLUSDT,ask,156,51975.0
2024-08-07 11:45:39,SOLUSDT,ask,156,51975.0
2024-08-07 11:46:44,SOLUSDT,ask,156,51980.0
2024-08-07 11:46:44,SOLUSDT,ask,156,51980.0
2024-08-07 11:46:44,SOLUSDT,ask,156,51980.0
2024-08-07 11:47:33,SOLUSDT,ask,156,52043.0
2024-08-07 11:47:33,SOLUSDT,ask,156,52043.0
2024-08-07 11:47:33,SOLUSDT,ask,156,52234.0
2024-08-07 11:47:33,SOLUSDT,ask,156,52234.0
2024-08-07 11:47:34,SOLUSDT,ask,156,52043.0
2024-08-07 11:47:34,SOLUSDT,ask,156,52234.0
2024-08-07 11:47:51,SOLUSDT,ask,156,52249.0
2024-08-07 11:47:51,SOLUSDT,ask,156,52249.0
2024-08-07 11:47:51,SOLUSDT,ask,156,52249.0
2024-08-07 11:48:28,SOLUSDT,ask,156,52390.0
2024-08-07 11:48:28,SOLUSDT,ask,156,52390.0
2024-08-07 11:48:28,SOLUSDT,ask,156,52390.0
2024-08-07 11:48:54,SOLUSDT,ask,156,52262.0
2024-08-07 11:48:54,SOLUSDT,ask,156,52262.0
2024-08-07 11:48:54,SOLUSDT,ask,156,52136.0
2024-08-07 11:48:54,SOLUSDT,ask,156,52136.0
2024-08-07 11:48:54,SOLUSDT,ask,156,52262.0
2024-08-07 11:48:54,SOLUSDT,ask,156,52136.0
2024-08-07 11:49:12,SOLUSDT,ask,156,52136.0
2024-08-07 11:49:12,SOLUSDT,ask,156,52136.0
2024-08-07 11:49:12,SOLUSDT,ask,156,52136.0
2024-08-07 11:49:17,SOLUSDT,ask,156,52267.0
2024-08-07 11:49:17,SOLUSDT,ask,156,52267.0
2024-08-07 11:49:17,SOLUSDT,ask,156,52267.0
2024-08-07 11:49:56,SOLUSDT,ask,156,52265.0
2024-08-07 11:49:56,SOLUSDT,ask,156,52265.0
2024-08-07 11:49:56,SOLUSDT,ask,156,52265.0
2024-08-07 11:50:14,SOLUSDT,ask,156,52266.0
2024-08-07 11:50:14,SOLUSDT,ask,156,52266.0
2024-08-07 11:50:14,SOLUSDT,ask,156,52266.0
2024-08-07 11:50:31,SOLUSDT,ask,156,52288.0
2024-08-07 11:50:31,SOLUSDT,ask,156,52288.0
2024-08-07 11:50:31,SOLUSDT,ask,156,52288.0
2024-08-07 11:50:46,SOLUSDT,ask,156,52287.0
2024-08-07 11:50:46,SOLUSDT,ask,156,52287.0
2024-08-07 11:50:46,SOLUSDT,ask,156,52287.0
2024-08-07 11:50:53,SOLUSDT,ask,156,52047.0
2024-08-07 11:50:53,SOLUSDT,ask,156,52047.0
2024-08-07 11:50:53,SOLUSDT,ask,156,52047.0
2024-08-07 11:51:08,SOLUSDT,ask,156,52035.0
2024-08-07 11:51:08,SOLUSDT,ask,156,52035.0
2024-08-07 11:51:08,SOLUSDT,ask,156,52035.0
2024-08-07 11:51:24,SOLUSDT,ask,156,52039.0
2024-08-07 11:51:24,SOLUSDT,ask,156,52039.0
2024-08-07 11:51:24,SOLUSDT,ask,156,52039.0
2024-08-07 11:51:27,SOLUSDT,ask,156,52040.0
2024-08-07 11:51:27,SOLUSDT,ask,156,52040.0
2024-08-07 11:51:27,SOLUSDT,ask,156,52040.0
2024-08-07 11:51:58,SOLUSDT,ask,156,52041.0
2024-08-07 11:51:58,SOLUSDT,ask,156,52041.0
2024-08-07 11:51:58,SOLUSDT,ask,156,52041.0
2024-08-07 11:52:14,SOLUSDT,ask,156,52040.0
2024-08-07 11:52:14,SOLUSDT,ask,156,52040.0
2024-08-07 11:52:14,SOLUSDT,ask,156,52040.0
2024-08-07 11:52:33,SOLUSDT,ask,156,52040.0
2024-08-07 11:52:33,SOLUSDT,ask,156,52040.0
2024-08-07 11:52:33,SOLUSDT,ask,156,52040.0
2024-08-07 11:53:06,SOLUSDT,ask,156,52041.0
2024-08-07 11:53:06,SOLUSDT,ask,175,58049.0
2024-08-07 11:53:06,SOLUSDT,ask,176,57460.0
2024-08-07 11:53:06,SOLUSDT,ask,178,57414.0
2024-08-07 11:53:06,SOLUSDT,ask,156,52041.0
2024-08-07 11:53:06,SOLUSDT,ask,175,58049.0
2024-08-07 11:53:06,SOLUSDT,ask,176,57460.0
2024-08-07 11:53:06,SOLUSDT,ask,178,57414.0
2024-08-07 11:53:06,SOLUSDT,ask,156,52041.0
2024-08-07 11:53:06,SOLUSDT,ask,175,58049.0
2024-08-07 11:53:06,SOLUSDT,ask,176,57460.0
2024-08-07 11:53:06,SOLUSDT,ask,178,57414.0
2024-08-07 11:53:18,SOLUSDT,ask,156,52040.0
2024-08-07 11:53:18,SOLUSDT,ask,156,52040.0
2024-08-07 11:53:18,SOLUSDT,ask,156,52040.0
2024-08-07 11:53:50,SOLUSDT,ask,156,52315.0
2024-08-07 11:53:50,SOLUSDT,ask,156,52315.0
2024-08-07 11:53:50,SOLUSDT,ask,156,52315.0
2024-08-07 11:54:29,SOLUSDT,ask,156,52299.0
2024-08-07 11:54:29,SOLUSDT,ask,156,52299.0
2024-08-07 11:54:29,SOLUSDT,ask,156,52299.0
2024-08-07 11:54:43,SOLUSDT,ask,156,52309.0
2024-08-07 11:54:43,SOLUSDT,ask,156,52309.0
2024-08-07 11:54:43,SOLUSDT,ask,156,52309.0
2024-08-07 11:54:45,SOLUSDT,ask,156,52307.0
2024-08-07 11:54:45,SOLUSDT,ask,156,52307.0
2024-08-07 11:54:45,SOLUSDT,ask,156,52307.0
2024-08-07 11:54:56,SOLUSDT,ask,156,52321.0
2024-08-07 11:54:56,SOLUSDT,ask,156,52321.0
2024-08-07 11:54:56,SOLUSDT,ask,156,52321.0
2024-08-07 11:54:59,SOLUSDT,ask,156,52316.0
2024-08-07 11:54:59,SOLUSDT,ask,156,52316.0
2024-08-07 11:54:59,SOLUSDT,ask,156,52316.0
2024-08-07 11:56:05,SOLUSDT,ask,156,52328.0
2024-08-07 11:56:05,SOLUSDT,ask,156,52328.0
2024-08-07 11:56:05,SOLUSDT,ask,156,52328.0
2024-08-07 11:56:14,SOLUSDT,ask,156,52308.0
2024-08-07 11:56:14,SOLUSDT,ask,156,52308.0
2024-08-07 11:56:14,SOLUSDT,ask,156,52308.0
2024-08-07 11:56:15,SOLUSDT,ask,156,52310.0
2024-08-07 11:56:15,SOLUSDT,ask,156,52310.0
2024-08-07 11:56:15,SOLUSDT,ask,156,52310.0
2024-08-07 11:56:29,SOLUSDT,ask,156,52305.0
2024-08-07 11:56:29,SOLUSDT,ask,156,52305.0
2024-08-07 11:56:29,SOLUSDT,ask,156,52305.0
2024-08-07 11:59:05,SOLUSDT,ask,156,52306.0
2024-08-07 11:59:05,SOLUSDT,ask,156,52306.0
2024-08-07 11:59:05,SOLUSDT,ask,156,52306.0
2024-08-07 12:00:26,SOLUSDT,ask,156,52320.0
2024-08-07 12:00:26,SOLUSDT,ask,156,52320.0
2024-08-07 12:00:26,SOLUSDT,ask,156,52320.0
2024-08-07 12:00:29,SOLUSDT,ask,156,52332.0
2024-08-07 12:00:29,SOLUSDT,ask,156,52332.0
2024-08-07 12:00:30,SOLUSDT,ask,156,52332.0
2024-08-07 12:01:40,SOLUSDT,ask,156,52287.0
2024-08-07 12:01:40,SOLUSDT,ask,156,52287.0
2024-08-07 12:01:40,SOLUSDT,ask,156,52287.0
2024-08-07 12:01:45,SOLUSDT,ask,156,52255.0
2024-08-07 12:01:45,SOLUSDT,ask,156,52255.0
2024-08-07 12:01:45,SOLUSDT,ask,156,52255.0
2024-08-07 12:02:11,SOLUSDT,ask,156,52252.0
2024-08-07 12:02:11,SOLUSDT,ask,156,52252.0
2024-08-07 12:02:11,SOLUSDT,ask,156,52252.0
2024-08-07 12:02:35,SOLUSDT,ask,156,52282.0
2024-08-07 12:02:35,SOLUSDT,ask,156,52282.0
2024-08-07 12:02:35,SOLUSDT,ask,156,52282.0
2024-08-07 12:02:39,SOLUSDT,ask,156,52315.0
2024-08-07 12:02:39,SOLUSDT,ask,156,52315.0
2024-08-07 12:02:39,SOLUSDT,ask,156,52315.0
2024-08-07 12:03:04,SOLUSDT,ask,156,52324.0
2024-08-07 12:03:04,SOLUSDT,ask,156,52324.0
2024-08-07 12:03:04,SOLUSDT,ask,156,52324.0
2024-08-07 12:03:35,SOLUSDT,ask,156,52295.0
2024-08-07 12:03:35,SOLUSDT,ask,156,52295.0
2024-08-07 12:03:35,SOLUSDT,ask,156,52295.0
2024-08-07 12:04:07,SOLUSDT,ask,156,52023.0
2024-08-07 12:04:07,SOLUSDT,ask,156,52023.0
2024-08-07 12:04:07,SOLUSDT,ask,156,52023.0
2024-08-07 12:05:27,SOLUSDT,ask,156,51974.0
2024-08-07 12:05:27,SOLUSDT,ask,156,51974.0
2024-08-07 12:05:27,SOLUSDT,ask,156,51974.0
2024-08-07 12:05:43,SOLUSDT,bid,154,35497.0
2024-08-07 12:05:43,SOLUSDT,bid,154,35497.0
2024-08-07 12:05:43,SOLUSDT,bid,154,35497.0
2024-08-07 12:05:44,SOLUSDT,bid,154,35493.0
2024-08-07 12:05:44,SOLUSDT,bid,154,35493.0
2024-08-07 12:05:44,SOLUSDT,bid,154,35493.0
2024-08-07 12:05:45,SOLUSDT,bid,154,35540.0
2024-08-07 12:05:45,SOLUSDT,bid,154,35540.0
2024-08-07 12:05:45,SOLUSDT,bid,154,35540.0
2024-08-07 12:05:45,SOLUSDT,bid,154,35548.0
2024-08-07 12:05:45,SOLUSDT,bid,154,35548.0
2024-08-07 12:05:45,SOLUSDT,bid,154,35548.0
2024-08-07 12:05:49,SOLUSDT,bid,154,35535.0
2024-08-07 12:05:49,SOLUSDT,bid,154,35535.0
2024-08-07 12:05:49,SOLUSDT,bid,154,35535.0
2024-08-07 12:05:49,SOLUSDT,bid,154,35535.0
2024-08-07 12:05:49,SOLUSDT,bid,154,35535.0
2024-08-07 12:05:49,SOLUSDT,bid,154,35535.0
2024-08-07 12:05:51,SOLUSDT,bid,154,35492.0
2024-08-07 12:05:51,SOLUSDT,bid,154,35492.0
2024-08-07 12:05:51,SOLUSDT,bid,154,35492.0
2024-08-07 12:05:51,SOLUSDT,bid,154,35491.0
2024-08-07 12:05:51,SOLUSDT,bid,154,35491.0
2024-08-07 12:05:51,SOLUSDT,bid,154,35491.0
2024-08-07 12:05:51,SOLUSDT,bid,154,35490.0
2024-08-07 12:05:51,SOLUSDT,bid,154,35490.0
2024-08-07 12:05:51,SOLUSDT,bid,154,35490.0
2024-08-07 12:06:10,SOLUSDT,ask,156,51971.0
2024-08-07 12:06:10,SOLUSDT,ask,156,51971.0
2024-08-07 12:06:10,SOLUSDT,ask,156,51971.0
2024-08-07 12:06:50,SOLUSDT,ask,156,51992.0
2024-08-07 12:06:50,SOLUSDT,ask,175,58050.0
2024-08-07 12:06:50,SOLUSDT,ask,176,57461.0
2024-08-07 12:06:50,SOLUSDT,ask,178,57415.0
2024-08-07 12:06:50,SOLUSDT,ask,156,51992.0
2024-08-07 12:06:50,SOLUSDT,ask,175,58050.0
2024-08-07 12:06:50,SOLUSDT,ask,176,57461.0
2024-08-07 12:06:50,SOLUSDT,ask,178,57415.0
2024-08-07 12:06:50,SOLUSDT,ask,156,51992.0
2024-08-07 12:06:50,SOLUSDT,ask,175,58050.0
2024-08-07 12:06:50,SOLUSDT,ask,176,57461.0
2024-08-07 12:06:50,SOLUSDT,ask,178,57415.0
2024-08-07 12:07:44,SOLUSDT,ask,156,51989.0
2024-08-07 12:07:44,SOLUSDT,ask,156,51989.0
2024-08-07 12:07:44,SOLUSDT,ask,156,51989.0
2024-08-07 12:07:45,SOLUSDT,ask,156,51996.0
2024-08-07 12:07:45,SOLUSDT,ask,156,51996.0
2024-08-07 12:07:45,SOLUSDT,ask,156,51996.0
2024-08-07 12:08:06,SOLUSDT,ask,156,51975.0
2024-08-07 12:08:06,SOLUSDT,ask,156,51975.0
2024-08-07 12:08:06,SOLUSDT,ask,156,51975.0
2024-08-07 12:08:27,SOLUSDT,ask,156,52088.0
2024-08-07 12:08:27,SOLUSDT,ask,156,52088.0
2024-08-07 12:08:27,SOLUSDT,ask,156,52088.0
2024-08-07 12:09:04,SOLUSDT,ask,156,52094.0
2024-08-07 12:09:04,SOLUSDT,ask,156,52094.0
2024-08-07 12:09:04,SOLUSDT,ask,156,52094.0
2024-08-07 12:09:16,SOLUSDT,ask,156,52107.0
2024-08-07 12:09:16,SOLUSDT,ask,156,52107.0
2024-08-07 12:09:16,SOLUSDT,ask,156,52107.0
2024-08-07 12:09:22,SOLUSDT,ask,156,52101.0
2024-08-07 12:09:22,SOLUSDT,ask,156,52101.0
2024-08-07 12:09:22,SOLUSDT,ask,156,52101.0
2024-08-07 12:09:45,SOLUSDT,ask,156,52106.0
2024-08-07 12:09:45,SOLUSDT,ask,156,52106.0
2024-08-07 12:09:45,SOLUSDT,ask,156,52106.0
2024-08-07 12:09:49,SOLUSDT,ask,156,52121.0
2024-08-07 12:09:49,SOLUSDT,ask,156,52121.0
2024-08-07 12:09:49,SOLUSDT,ask,156,52121.0
2024-08-07 12:09:58,SOLUSDT,ask,156,52124.0
2024-08-07 12:09:58,SOLUSDT,ask,156,52124.0
2024-08-07 12:09:58,SOLUSDT,ask,156,52124.0
2024-08-07 12:10:09,SOLUSDT,ask,156,52126.0
2024-08-07 12:10:09,SOLUSDT,ask,156,52126.0
2024-08-07 12:10:09,SOLUSDT,ask,156,52126.0
2024-08-07 12:10:37,SOLUSDT,ask,175,58250.0
2024-08-07 12:10:37,SOLUSDT,ask,175,58250.0
2024-08-07 12:10:37,SOLUSDT,ask,175,58250.0
2024-08-07 12:10:56,SOLUSDT,ask,178,57403.0
2024-08-07 12:10:56,SOLUSDT,ask,178,57403.0
2024-08-07 12:10:56,SOLUSDT,ask,178,57403.0
2024-08-07 12:11:05,SOLUSDT,ask,156,52234.0
2024-08-07 12:11:05,SOLUSDT,ask,156,52234.0
2024-08-07 12:11:05,SOLUSDT,ask,156,52234.0
2024-08-07 12:11:12,SOLUSDT,ask,156,52224.0
2024-08-07 12:11:12,SOLUSDT,ask,156,52224.0
2024-08-07 12:11:12,SOLUSDT,ask,156,52224.0
2024-08-07 12:11:23,SOLUSDT,ask,156,52225.0
2024-08-07 12:11:23,SOLUSDT,ask,156,52225.0
2024-08-07 12:11:24,SOLUSDT,ask,156,52225.0
2024-08-07 12:11:24,SOLUSDT,ask,156,52227.0
2024-08-07 12:11:24,SOLUSDT,ask,156,52227.0
2024-08-07 12:11:25,SOLUSDT,ask,156,52227.0
2024-08-07 12:12:19,SOLUSDT,ask,156,52219.0
2024-08-07 12:12:19,SOLUSDT,ask,156,52219.0
2024-08-07 12:12:19,SOLUSDT,ask,156,52219.0
2024-08-07 12:12:28,SOLUSDT,ask,156,52225.0
2024-08-07 12:12:28,SOLUSDT,ask,156,52225.0
2024-08-07 12:12:28,SOLUSDT,ask,156,52225.0
2024-08-07 12:13:11,SOLUSDT,ask,156,52274.0
2024-08-07 12:13:11,SOLUSDT,ask,156,52274.0
2024-08-07 12:13:11,SOLUSDT,ask,156,52274.0
2024-08-07 12:13:24,SOLUSDT,ask,156,52273.0
2024-08-07 12:13:24,SOLUSDT,ask,175,58249.0
2024-08-07 12:13:24,SOLUSDT,ask,176,57460.0
2024-08-07 12:13:24,SOLUSDT,ask,178,57402.0
2024-08-07 12:13:24,SOLUSDT,ask,156,52273.0
2024-08-07 12:13:24,SOLUSDT,ask,175,58249.0
2024-08-07 12:13:24,SOLUSDT,ask,176,57460.0
2024-08-07 12:13:24,SOLUSDT,ask,178,57402.0
2024-08-07 12:13:24,SOLUSDT,ask,156,52273.0
2024-08-07 12:13:24,SOLUSDT,ask,175,58249.0
2024-08-07 12:13:24,SOLUSDT,ask,176,57460.0
2024-08-07 12:13:24,SOLUSDT,ask,178,57402.0
2024-08-07 12:13:44,SOLUSDT,ask,156,52466.0
2024-08-07 12:13:44,SOLUSDT,ask,156,52466.0
2024-08-07 12:13:44,SOLUSDT,ask,156,52466.0
2024-08-07 12:13:49,SOLUSDT,ask,156,52473.0
2024-08-07 12:13:49,SOLUSDT,ask,156,52473.0
2024-08-07 12:13:49,SOLUSDT,ask,156,52473.0
2024-08-07 12:14:00,SOLUSDT,ask,156,52474.0
2024-08-07 12:14:00,SOLUSDT,ask,156,52474.0
2024-08-07 12:14:00,SOLUSDT,ask,156,52474.0
2024-08-07 12:14:03,SOLUSDT,ask,156,52475.0
2024-08-07 12:14:03,SOLUSDT,ask,156,52475.0
2024-08-07 12:14:03,SOLUSDT,ask,156,52475.0
2024-08-07 12:14:06,SOLUSDT,ask,156,52462.0
2024-08-07 12:14:06,SOLUSDT,ask,156,52462.0
2024-08-07 12:14:06,SOLUSDT,ask,156,52462.0
2024-08-07 12:14:20,SOLUSDT,ask,156,53062.0
2024-08-07 12:14:20,SOLUSDT,ask,156,53062.0
2024-08-07 12:14:20,SOLUSDT,ask,156,53062.0
2024-08-07 12:14:28,SOLUSDT,ask,156,53060.0
2024-08-07 12:14:28,SOLUSDT,ask,156,53060.0
2024-08-07 12:14:28,SOLUSDT,ask,156,53060.0
2024-08-07 12:15:02,SOLUSDT,ask,156,52460.0
2024-08-07 12:15:02,SOLUSDT,ask,156,52460.0
2024-08-07 12:15:02,SOLUSDT,ask,156,52460.0
2024-08-07 12:15:21,SOLUSDT,ask,178,57396.0
2024-08-07 12:15:21,SOLUSDT,ask,178,57396.0
2024-08-07 12:15:22,SOLUSDT,ask,178,57396.0
2024-08-07 12:15:32,SOLUSDT,ask,156,52475.0
2024-08-07 12:15:32,SOLUSDT,ask,156,52475.0
2024-08-07 12:15:32,SOLUSDT,ask,156,52475.0
2024-08-07 12:15:48,SOLUSDT,ask,156,52460.0
2024-08-07 12:15:48,SOLUSDT,ask,156,52460.0
2024-08-07 12:15:48,SOLUSDT,ask,156,52460.0
2024-08-07 12:15:57,SOLUSDT,ask,156,52268.0
2024-08-07 12:15:57,SOLUSDT,ask,156,52268.0
2024-08-07 12:15:57,SOLUSDT,ask,156,52268.0
2024-08-07 12:16:00,SOLUSDT,ask,156,52269.0
2024-08-07 12:16:00,SOLUSDT,ask,156,52269.0
2024-08-07 12:16:00,SOLUSDT,ask,156,52269.0
2024-08-07 12:16:17,SOLUSDT,ask,156,52333.0
2024-08-07 12:16:17,SOLUSDT,ask,156,52333.0
2024-08-07 12:16:17,SOLUSDT,ask,156,52333.0
2024-08-07 12:16:26,SOLUSDT,ask,156,52323.0
2024-08-07 12:16:26,SOLUSDT,ask,156,52323.0
2024-08-07 12:16:26,SOLUSDT,ask,174,28704.0
2024-08-07 12:16:26,SOLUSDT,ask,174,28704.0
2024-08-07 12:16:26,SOLUSDT,ask,156,52323.0
2024-08-07 12:16:27,SOLUSDT,ask,174,28704.0
2024-08-07 12:16:32,SOLUSDT,ask,156,52259.0
2024-08-07 12:16:32,SOLUSDT,ask,156,52259.0
2024-08-07 12:16:32,SOLUSDT,ask,156,52259.0
2024-08-07 12:16:58,SOLUSDT,ask,156,52254.0
2024-08-07 12:16:58,SOLUSDT,ask,156,52254.0
2024-08-07 12:16:58,SOLUSDT,ask,156,52254.0
2024-08-07 12:17:00,SOLUSDT,ask,156,52249.0
2024-08-07 12:17:00,SOLUSDT,ask,156,52249.0
2024-08-07 12:17:00,SOLUSDT,ask,156,52249.0
2024-08-07 12:17:19,SOLUSDT,ask,156,52252.0
2024-08-07 12:17:19,SOLUSDT,ask,156,52252.0
2024-08-07 12:17:19,SOLUSDT,ask,156,52252.0
2024-08-07 12:18:21,SOLUSDT,ask,156,52333.0
2024-08-07 12:18:21,SOLUSDT,ask,156,52333.0
2024-08-07 12:18:21,SOLUSDT,ask,156,52333.0
2024-08-07 12:18:39,SOLUSDT,ask,156,52320.0
2024-08-07 12:18:39,SOLUSDT,ask,156,52320.0
2024-08-07 12:18:40,SOLUSDT,ask,156,52320.0
2024-08-07 12:18:55,SOLUSDT,ask,156,52310.0
2024-08-07 12:18:55,SOLUSDT,ask,156,52310.0
2024-08-07 12:18:55,SOLUSDT,ask,156,52350.0
2024-08-07 12:18:55,SOLUSDT,ask,156,52350.0
2024-08-07 12:18:55,SOLUSDT,ask,156,52310.0
2024-08-07 12:18:56,SOLUSDT,ask,156,52350.0
2024-08-07 12:19:21,SOLUSDT,ask,156,52352.0
2024-08-07 12:19:21,SOLUSDT,ask,156,52352.0
2024-08-07 12:19:21,SOLUSDT,ask,156,52352.0
2024-08-07 12:19:30,SOLUSDT,ask,156,52358.0
2024-08-07 12:19:30,SOLUSDT,ask,156,52358.0
2024-08-07 12:19:30,SOLUSDT,ask,156,52358.0
2024-08-07 12:19:54,SOLUSDT,ask,156,52360.0
2024-08-07 12:19:54,SOLUSDT,ask,156,52360.0
2024-08-07 12:19:54,SOLUSDT,ask,156,52360.0
2024-08-07 12:20:10,SOLUSDT,ask,156,52296.0
2024-08-07 12:20:10,SOLUSDT,ask,156,52296.0
2024-08-07 12:20:10,SOLUSDT,ask,156,52296.0
2024-08-07 12:21:42,SOLUSDT,ask,156,52308.0
2024-08-07 12:21:42,SOLUSDT,ask,156,52308.0
2024-08-07 12:21:42,SOLUSDT,ask,156,52308.0
2024-08-07 12:21:47,SOLUSDT,ask,156,52301.0
2024-08-07 12:21:47,SOLUSDT,ask,156,52301.0
2024-08-07 12:21:47,SOLUSDT,ask,156,52301.0
2024-08-07 12:21:57,SOLUSDT,ask,156,52306.0
2024-08-07 12:21:57,SOLUSDT,ask,156,52306.0
2024-08-07 12:21:57,SOLUSDT,ask,156,52306.0
2024-08-07 12:22:14,SOLUSDT,ask,156,52307.0
2024-08-07 12:22:14,SOLUSDT,ask,156,52307.0
2024-08-07 12:22:15,SOLUSDT,ask,156,52307.0
2024-08-07 12:24:11,SOLUSDT,ask,156,52302.0
2024-08-07 12:24:11,SOLUSDT,ask,156,52302.0
2024-08-07 12:24:11,SOLUSDT,ask,156,52302.0
2024-08-07 12:24:51,SOLUSDT,ask,156,52300.0
2024-08-07 12:24:51,SOLUSDT,ask,156,52300.0
2024-08-07 12:24:51,SOLUSDT,ask,156,52300.0
2024-08-07 12:25:03,SOLUSDT,ask,156,52292.0
2024-08-07 12:25:03,SOLUSDT,ask,156,52292.0
2024-08-07 12:25:03,SOLUSDT,ask,156,52292.0
2024-08-07 12:25:51,SOLUSDT,ask,156,52293.0
2024-08-07 12:25:51,SOLUSDT,ask,156,52293.0
2024-08-07 12:25:51,SOLUSDT,ask,156,52293.0
2024-08-07 12:26:24,SOLUSDT,ask,156,52295.0
2024-08-07 12:26:24,SOLUSDT,ask,156,52295.0
2024-08-07 12:26:24,SOLUSDT,ask,156,52295.0
2024-08-07 12:26:31,SOLUSDT,ask,175,58251.0
2024-08-07 12:26:31,SOLUSDT,ask,175,58251.0
2024-08-07 12:26:31,SOLUSDT,ask,175,58251.0
2024-08-07 12:27:15,SOLUSDT,ask,156,52304.0
2024-08-07 12:27:15,SOLUSDT,ask,156,52304.0
2024-08-07 12:27:15,SOLUSDT,ask,156,52304.0
2024-08-07 12:27:54,SOLUSDT,ask,156,52300.0
2024-08-07 12:27:54,SOLUSDT,ask,176,57625.0
2024-08-07 12:27:54,SOLUSDT,ask,156,52300.0
2024-08-07 12:27:54,SOLUSDT,ask,176,57625.0
2024-08-07 12:27:54,SOLUSDT,ask,156,52300.0
2024-08-07 12:27:54,SOLUSDT,ask,176,57625.0
2024-08-07 12:28:31,SOLUSDT,ask,156,52293.0
2024-08-07 12:28:31,SOLUSDT,ask,156,52293.0
2024-08-07 12:28:31,SOLUSDT,ask,156,52293.0
2024-08-07 12:28:37,SOLUSDT,ask,156,52934.0
2024-08-07 12:28:37,SOLUSDT,ask,156,52934.0
2024-08-07 12:28:37,SOLUSDT,ask,156,52934.0
2024-08-07 12:28:52,SOLUSDT,ask,175,58301.0
2024-08-07 12:28:52,SOLUSDT,ask,175,58301.0
2024-08-07 12:28:52,SOLUSDT,ask,175,58301.0
2024-08-07 12:29:45,SOLUSDT,ask,156,53544.0
2024-08-07 12:29:45,SOLUSDT,ask,156,53544.0
2024-08-07 12:29:45,SOLUSDT,ask,156,53544.0
2024-08-07 12:29:47,SOLUSDT,ask,156,53534.0
2024-08-07 12:29:47,SOLUSDT,ask,156,53534.0
2024-08-07 12:29:47,SOLUSDT,ask,156,53534.0
2024-08-07 12:30:10,SOLUSDT,ask,156,53546.0
2024-08-07 12:30:10,SOLUSDT,ask,156,53546.0
2024-08-07 12:30:10,SOLUSDT,ask,156,53546.0
2024-08-07 12:30:12,SOLUSDT,ask,156,53549.0
2024-08-07 12:30:12,SOLUSDT,ask,156,53549.0
2024-08-07 12:30:13,SOLUSDT,ask,156,53549.0
2024-08-07 12:31:10,SOLUSDT,ask,156,53557.0
2024-08-07 12:31:10,SOLUSDT,ask,156,53557.0
2024-08-07 12:31:10,SOLUSDT,ask,156,53557.0
2024-08-07 12:31:16,SOLUSDT,ask,156,53520.0
2024-08-07 12:31:16,SOLUSDT,ask,156,53520.0
2024-08-07 12:31:16,SOLUSDT,ask,156,53520.0
2024-08-07 12:31:33,SOLUSDT,ask,156,53720.0
2024-08-07 12:31:33,SOLUSDT,ask,156,53720.0
2024-08-07 12:31:34,SOLUSDT,ask,156,53720.0
2024-08-07 12:31:39,SOLUSDT,ask,156,53730.0
2024-08-07 12:31:39,SOLUSDT,ask,156,53730.0
2024-08-07 12:31:39,SOLUSDT,ask,156,53730.0
2024-08-07 12:31:44,SOLUSDT,ask,156,53720.0
2024-08-07 12:31:44,SOLUSDT,ask,156,53720.0
2024-08-07 12:31:44,SOLUSDT,ask,156,53720.0
2024-08-07 12:32:07,SOLUSDT,ask,156,53520.0
2024-08-07 12:32:07,SOLUSDT,ask,156,53520.0
2024-08-07 12:32:07,SOLUSDT,ask,156,53520.0
2024-08-07 12:32:13,SOLUSDT,ask,200,54722.0
2024-08-07 12:32:13,SOLUSDT,ask,200,54722.0
2024-08-07 12:32:13,SOLUSDT,ask,200,54722.0
2024-08-07 12:32:23,SOLUSDT,ask,156,53521.0
2024-08-07 12:32:23,SOLUSDT,ask,156,53521.0
2024-08-07 12:32:23,SOLUSDT,ask,156,53521.0
2024-08-07 12:33:02,SOLUSDT,ask,156,53520.0
2024-08-07 12:33:02,SOLUSDT,ask,156,53520.0
2024-08-07 12:33:02,SOLUSDT,ask,156,53520.0
2024-08-07 12:33:03,SOLUSDT,ask,156,53511.0
2024-08-07 12:33:03,SOLUSDT,ask,156,53511.0
2024-08-07 12:33:04,SOLUSDT,ask,156,53511.0
2024-08-07 12:33:51,SOLUSDT,ask,156,53510.0
2024-08-07 12:33:51,SOLUSDT,ask,156,53510.0
2024-08-07 12:33:51,SOLUSDT,ask,156,53510.0
2024-08-07 12:34:32,SOLUSDT,ask,156,53647.0
2024-08-07 12:34:32,SOLUSDT,ask,156,53647.0
2024-08-07 12:34:32,SOLUSDT,ask,156,53647.0
2024-08-07 12:34:59,SOLUSDT,ask,156,53833.0
2024-08-07 12:34:59,SOLUSDT,ask,156,53833.0
2024-08-07 12:34:59,SOLUSDT,ask,156,53833.0
2024-08-07 12:35:04,SOLUSDT,ask,156,53837.0
2024-08-07 12:35:04,SOLUSDT,ask,156,53837.0
2024-08-07 12:35:04,SOLUSDT,ask,156,53837.0
2024-08-07 12:35:19,SOLUSDT,ask,156,53848.0
2024-08-07 12:35:19,SOLUSDT,ask,156,53848.0
2024-08-07 12:35:19,SOLUSDT,ask,156,53848.0
2024-08-07 12:36:19,SOLUSDT,ask,156,53850.0
2024-08-07 12:36:19,SOLUSDT,ask,156,53850.0
2024-08-07 12:36:19,SOLUSDT,ask,156,53850.0
2024-08-07 12:37:14,SOLUSDT,ask,176,57624.0
2024-08-07 12:37:14,SOLUSDT,ask,176,57624.0
2024-08-07 12:37:14,SOLUSDT,ask,176,57624.0
2024-08-07 12:37:23,SOLUSDT,ask,156,53130.0
2024-08-07 12:37:23,SOLUSDT,ask,156,53130.0
2024-08-07 12:37:23,SOLUSDT,ask,156,53130.0
2024-08-07 12:37:42,SOLUSDT,ask,156,53135.0
2024-08-07 12:37:42,SOLUSDT,ask,156,53135.0
2024-08-07 12:37:42,SOLUSDT,ask,156,53135.0
2024-08-07 12:38:54,SOLUSDT,ask,156,53133.0
2024-08-07 12:38:54,SOLUSDT,ask,156,53133.0
2024-08-07 12:38:54,SOLUSDT,ask,156,53133.0
2024-08-07 12:38:57,SOLUSDT,ask,156,53134.0
2024-08-07 12:38:57,SOLUSDT,ask,156,53134.0
2024-08-07 12:38:57,SOLUSDT,ask,156,53134.0
2024-08-07 12:38:57,SOLUSDT,ask,156,53144.0
2024-08-07 12:38:57,SOLUSDT,ask,156,53144.0
2024-08-07 12:38:57,SOLUSDT,ask,156,53144.0
2024-08-07 12:38:58,SOLUSDT,ask,156,53147.0
2024-08-07 12:38:58,SOLUSDT,ask,156,53147.0
2024-08-07 12:38:59,SOLUSDT,ask,156,53147.0
2024-08-07 12:39:05,SOLUSDT,ask,156,53167.0
2024-08-07 12:39:05,SOLUSDT,ask,156,53167.0
2024-08-07 12:39:05,SOLUSDT,ask,156,53167.0
2024-08-07 12:39:07,SOLUSDT,ask,156,53166.0
2024-08-07 12:39:07,SOLUSDT,ask,156,53166.0
2024-08-07 12:39:07,SOLUSDT,ask,156,53166.0
2024-08-07 12:39:23,SOLUSDT,ask,156,53168.0
2024-08-07 12:39:23,SOLUSDT,ask,156,53168.0
2024-08-07 12:39:23,SOLUSDT,ask,156,53168.0
2024-08-07 12:39:35,SOLUSDT,ask,156,53167.0
2024-08-07 12:39:35,SOLUSDT,ask,156,53167.0
2024-08-07 12:39:35,SOLUSDT,ask,156,53167.0
2024-08-07 12:39:45,SOLUSDT,ask,156,53034.0
2024-08-07 12:39:45,SOLUSDT,ask,156,53034.0
2024-08-07 12:39:45,SOLUSDT,ask,156,53034.0
2024-08-07 12:39:56,SOLUSDT,ask,156,53033.0
2024-08-07 12:39:56,SOLUSDT,ask,200,54722.0
2024-08-07 12:39:56,SOLUSDT,ask,156,53033.0
2024-08-07 12:39:56,SOLUSDT,ask,200,54722.0
2024-08-07 12:39:56,SOLUSDT,ask,156,53033.0
2024-08-07 12:39:56,SOLUSDT,ask,200,54722.0
2024-08-07 12:40:15,SOLUSDT,ask,156,53046.0
2024-08-07 12:40:15,SOLUSDT,ask,156,53046.0
2024-08-07 12:40:15,SOLUSDT,ask,156,53046.0
2024-08-07 12:40:22,SOLUSDT,ask,156,53034.0
2024-08-07 12:40:22,SOLUSDT,ask,156,53034.0
2024-08-07 12:40:22,SOLUSDT,ask,156,53034.0
2024-08-07 12:40:22,SOLUSDT,ask,156,53031.0
2024-08-07 12:40:22,SOLUSDT,ask,156,53031.0
2024-08-07 12:40:22,SOLUSDT,ask,156,53031.0
2024-08-07 12:40:25,SOLUSDT,ask,156,53531.0
2024-08-07 12:40:25,SOLUSDT,ask,156,53531.0
2024-08-07 12:40:25,SOLUSDT,ask,156,53531.0
2024-08-07 12:40:27,SOLUSDT,ask,156,53530.0
2024-08-07 12:40:27,SOLUSDT,ask,156,53530.0
2024-08-07 12:40:27,SOLUSDT,ask,156,53530.0
2024-08-07 12:40:33,SOLUSDT,ask,200,54724.0
2024-08-07 12:40:33,SOLUSDT,ask,200,54724.0
2024-08-07 12:40:33,SOLUSDT,ask,200,54724.0
2024-08-07 12:40:48,SOLUSDT,ask,156,53531.0
2024-08-07 12:40:48,SOLUSDT,ask,156,53531.0
2024-08-07 12:40:48,SOLUSDT,ask,156,53531.0
2024-08-07 12:40:56,SOLUSDT,ask,156,53526.0
2024-08-07 12:40:56,SOLUSDT,ask,156,53526.0
2024-08-07 12:40:56,SOLUSDT,ask,156,53526.0
2024-08-07 12:41:09,SOLUSDT,ask,156,53525.0
2024-08-07 12:41:09,SOLUSDT,ask,156,53525.0
2024-08-07 12:41:10,SOLUSDT,ask,156,53525.0
2024-08-07 12:41:33,SOLUSDT,ask,156,53541.0
2024-08-07 12:41:33,SOLUSDT,ask,156,53541.0
2024-08-07 12:41:34,SOLUSDT,ask,156,53541.0
2024-08-07 12:41:34,SOLUSDT,ask,156,53544.0
2024-08-07 12:41:34,SOLUSDT,ask,156,53544.0
2024-08-07 12:41:34,SOLUSDT,ask,156,53544.0
2024-08-07 12:42:05,SOLUSDT,ask,156,53575.0
2024-08-07 12:42:05,SOLUSDT,ask,156,53575.0
2024-08-07 12:42:05,SOLUSDT,ask,156,53575.0
2024-08-07 12:42:41,SOLUSDT,ask,156,53716.0
2024-08-07 12:42:41,SOLUSDT,ask,156,53716.0
2024-08-07 12:42:41,SOLUSDT,ask,156,53716.0
2024-08-07 12:42:54,SOLUSDT,ask,178,57399.0
2024-08-07 12:42:54,SOLUSDT,ask,178,57399.0
2024-08-07 12:42:54,SOLUSDT,ask,178,57399.0
2024-08-07 12:42:56,SOLUSDT,ask,156,53718.0
2024-08-07 12:42:56,SOLUSDT,ask,156,53718.0
2024-08-07 12:42:56,SOLUSDT,ask,156,53718.0
2024-08-07 12:43:03,SOLUSDT,ask,156,53717.0
2024-08-07 12:43:03,SOLUSDT,ask,156,53717.0
2024-08-07 12:43:03,SOLUSDT,ask,156,53717.0
2024-08-07 12:44:34,SOLUSDT,ask,156,53511.0
2024-08-07 12:44:34,SOLUSDT,ask,176,57623.0
2024-08-07 12:44:34,SOLUSDT,ask,178,57398.0
2024-08-07 12:44:34,SOLUSDT,ask,156,53511.0
2024-08-07 12:44:34,SOLUSDT,ask,176,57623.0
2024-08-07 12:44:34,SOLUSDT,ask,178,57398.0
2024-08-07 12:44:34,SOLUSDT,ask,156,53511.0
2024-08-07 12:44:34,SOLUSDT,ask,176,57623.0
2024-08-07 12:44:34,SOLUSDT,ask,178,57398.0
2024-08-07 12:45:15,SOLUSDT,ask,156,53516.0
2024-08-07 12:45:15,SOLUSDT,ask,156,53516.0
2024-08-07 12:45:15,SOLUSDT,ask,156,53516.0
2024-08-07 12:45:32,SOLUSDT,ask,156,53515.0
2024-08-07 12:45:32,SOLUSDT,ask,156,53515.0
2024-08-07 12:45:32,SOLUSDT,ask,156,53515.0
2024-08-07 12:45:33,SOLUSDT,ask,156,53514.0
2024-08-07 12:45:33,SOLUSDT,ask,156,53514.0
2024-08-07 12:45:33,SOLUSDT,ask,156,53514.0
2024-08-07 12:45:59,SOLUSDT,ask,156,53511.0
2024-08-07 12:45:59,SOLUSDT,ask,156,53511.0
2024-08-07 12:45:59,SOLUSDT,ask,156,53511.0
2024-08-07 12:46:04,SOLUSDT,ask,156,53480.0
2024-08-07 12:46:04,SOLUSDT,ask,156,53480.0
2024-08-07 12:46:04,SOLUSDT,ask,156,53480.0
2024-08-07 12:46:23,SOLUSDT,ask,156,52834.0
2024-08-07 12:46:23,SOLUSDT,ask,156,52834.0
2024-08-07 12:46:23,SOLUSDT,ask,156,52834.0
2024-08-07 12:46:26,SOLUSDT,ask,156,52818.0
2024-08-07 12:46:26,SOLUSDT,ask,156,52818.0
2024-08-07 12:46:26,SOLUSDT,ask,156,52818.0
2024-08-07 12:48:19,SOLUSDT,ask,156,52832.0
2024-08-07 12:48:19,SOLUSDT,ask,156,52832.0
2024-08-07 12:48:19,SOLUSDT,ask,156,52832.0
2024-08-07 12:48:55,SOLUSDT,ask,156,52993.0
2024-08-07 12:48:55,SOLUSDT,ask,156,52993.0
2024-08-07 12:48:55,SOLUSDT,ask,156,52993.0
2024-08-07 12:49:11,SOLUSDT,ask,156,53008.0
2024-08-07 12:49:11,SOLUSDT,ask,156,53008.0
2024-08-07 12:49:12,SOLUSDT,ask,156,53008.0
2024-08-07 12:50:28,SOLUSDT,ask,175,58304.0
2024-08-07 12:50:28,SOLUSDT,ask,175,58304.0
2024-08-07 12:50:28,SOLUSDT,ask,175,58304.0
2024-08-07 12:51:35,SOLUSDT,ask,156,53250.0
2024-08-07 12:51:35,SOLUSDT,ask,156,53250.0
2024-08-07 12:51:35,SOLUSDT,ask,156,53250.0
2024-08-07 12:51:59,SOLUSDT,ask,156,52996.0
2024-08-07 12:51:59,SOLUSDT,ask,156,52996.0
2024-08-07 12:51:59,SOLUSDT,ask,156,52996.0
2024-08-07 12:52:03,SOLUSDT,ask,156,52994.0
2024-08-07 12:52:03,SOLUSDT,ask,156,52994.0
2024-08-07 12:52:04,SOLUSDT,ask,156,52994.0
2024-08-07 12:52:10,SOLUSDT,ask,178,57413.0
2024-08-07 12:52:10,SOLUSDT,ask,178,57413.0
2024-08-07 12:52:10,SOLUSDT,ask,178,57413.0
2024-08-07 12:52:52,SOLUSDT,ask,156,52834.0
2024-08-07 12:52:52,SOLUSDT,ask,156,52834.0
2024-08-07 12:52:52,SOLUSDT,ask,156,52834.0
2024-08-07 12:52:59,SOLUSDT,ask,175,58303.0
2024-08-07 12:52:59,SOLUSDT,ask,175,58303.0
2024-08-07 12:53:00,SOLUSDT,ask,175,58303.0
2024-08-07 12:53:16,SOLUSDT,ask,156,52832.0
2024-08-07 12:53:16,SOLUSDT,ask,156,52832.0
2024-08-07 12:53:16,SOLUSDT,ask,156,52832.0
2024-08-07 12:53:54,SOLUSDT,ask,156,52824.0
2024-08-07 12:53:54,SOLUSDT,ask,156,52824.0
2024-08-07 12:53:54,SOLUSDT,ask,156,52824.0
2024-08-07 12:54:27,SOLUSDT,ask,156,52830.0
2024-08-07 12:54:27,SOLUSDT,ask,156,52830.0
2024-08-07 12:54:27,SOLUSDT,ask,156,52830.0
2024-08-07 12:54:30,SOLUSDT,ask,200,54725.0
2024-08-07 12:54:30,SOLUSDT,ask,200,54725.0
2024-08-07 12:54:30,SOLUSDT,ask,200,54725.0
2024-08-07 12:56:14,SOLUSDT,ask,156,52884.0
2024-08-07 12:56:14,SOLUSDT,ask,156,52884.0
2024-08-07 12:56:15,SOLUSDT,ask,156,52884.0
2024-08-07 12:57:04,SOLUSDT,ask,156,52882.0
2024-08-07 12:57:04,SOLUSDT,ask,156,52882.0
2024-08-07 12:57:04,SOLUSDT,ask,156,52882.0
2024-08-07 12:57:14,SOLUSDT,ask,156,52877.0
2024-08-07 12:57:14,SOLUSDT,ask,156,52877.0
2024-08-07 12:57:14,SOLUSDT,ask,156,52877.0
2024-08-07 12:57:38,SOLUSDT,ask,156,52927.0
2024-08-07 12:57:38,SOLUSDT,ask,156,52927.0
2024-08-07 12:57:38,SOLUSDT,ask,156,52927.0
2024-08-07 12:58:31,SOLUSDT,ask,156,52945.0
2024-08-07 12:58:31,SOLUSDT,ask,156,52945.0
2024-08-07 12:58:32,SOLUSDT,ask,156,52945.0
2024-08-07 12:59:35,SOLUSDT,ask,156,52925.0
2024-08-07 12:59:35,SOLUSDT,ask,156,52925.0
2024-08-07 12:59:35,SOLUSDT,ask,156,52925.0
2024-08-07 12:59:41,SOLUSDT,ask,156,52923.0
2024-08-07 12:59:41,SOLUSDT,ask,156,52923.0
2024-08-07 12:59:41,SOLUSDT,ask,156,52923.0
2024-08-07 12:59:47,SOLUSDT,ask,156,52948.0
2024-08-07 12:59:47,SOLUSDT,ask,156,52948.0
2024-08-07 12:59:47,SOLUSDT,ask,156,52948.0
2024-08-07 13:00:45,SOLUSDT,ask,156,52949.0
2024-08-07 13:00:45,SOLUSDT,ask,156,52949.0
2024-08-07 13:00:46,SOLUSDT,ask,156,52949.0
2024-08-07 13:01:10,SOLUSDT,ask,156,52946.0
2024-08-07 13:01:10,SOLUSDT,ask,156,52946.0
2024-08-07 13:01:11,SOLUSDT,ask,156,52946.0
2024-08-07 13:01:32,SOLUSDT,ask,156,52953.0
2024-08-07 13:01:32,SOLUSDT,ask,156,52953.0
2024-08-07 13:01:32,SOLUSDT,ask,156,52953.0
2024-08-07 13:01:50,SOLUSDT,ask,156,53013.0
2024-08-07 13:01:50,SOLUSDT,ask,156,53013.0
2024-08-07 13:01:50,SOLUSDT,ask,156,53021.0
2024-08-07 13:01:50,SOLUSDT,ask,156,53021.0
2024-08-07 13:01:50,SOLUSDT,ask,156,53013.0
2024-08-07 13:01:50,SOLUSDT,ask,156,53021.0
2024-08-07 13:02:19,SOLUSDT,ask,156,53208.0
2024-08-07 13:02:19,SOLUSDT,ask,156,53208.0
2024-08-07 13:02:19,SOLUSDT,ask,156,53208.0
2024-08-07 13:02:49,SOLUSDT,ask,156,53154.0
2024-08-07 13:02:49,SOLUSDT,ask,156,53154.0
2024-08-07 13:02:49,SOLUSDT,ask,156,53154.0
2024-08-07 13:04:19,SOLUSDT,ask,156,53150.0
2024-08-07 13:04:19,SOLUSDT,ask,156,53150.0
2024-08-07 13:04:19,SOLUSDT,ask,156,53150.0
2024-08-07 13:04:40,SOLUSDT,ask,156,53152.0
2024-08-07 13:04:40,SOLUSDT,ask,156,53152.0
2024-08-07 13:04:40,SOLUSDT,ask,156,53152.0
2024-08-07 13:05:51,SOLUSDT,ask,156,52966.0
2024-08-07 13:05:51,SOLUSDT,ask,156,52966.0
2024-08-07 13:05:51,SOLUSDT,ask,156,52966.0
2024-08-07 13:06:31,SOLUSDT,ask,156,52780.0
2024-08-07 13:06:31,SOLUSDT,ask,156,52780.0
2024-08-07 13:06:31,SOLUSDT,ask,156,52780.0
2024-08-07 13:06:35,SOLUSDT,ask,156,52774.0
2024-08-07 13:06:35,SOLUSDT,ask,156,52774.0
2024-08-07 13:06:36,SOLUSDT,ask,156,52774.0
2024-08-07 13:06:37,SOLUSDT,ask,156,52775.0
2024-08-07 13:06:37,SOLUSDT,ask,156,52775.0
2024-08-07 13:06:37,SOLUSDT,ask,156,52775.0
2024-08-07 13:06:48,SOLUSDT,ask,178,57456.0
2024-08-07 13:06:48,SOLUSDT,ask,178,57456.0
2024-08-07 13:06:48,SOLUSDT,ask,178,57456.0
2024-08-07 13:07:50,SOLUSDT,ask,156,52777.0
2024-08-07 13:07:50,SOLUSDT,ask,156,52777.0
2024-08-07 13:07:50,SOLUSDT,ask,156,52777.0
2024-08-07 13:08:33,SOLUSDT,ask,156,52776.0
2024-08-07 13:08:33,SOLUSDT,ask,156,52776.0
2024-08-07 13:08:33,SOLUSDT,ask,156,52776.0
2024-08-07 13:09:03,SOLUSDT,ask,156,52807.0
2024-08-07 13:09:03,SOLUSDT,ask,156,52807.0
2024-08-07 13:09:03,SOLUSDT,ask,156,52807.0
2024-08-07 13:11:40,SOLUSDT,ask,156,52776.0
2024-08-07 13:11:40,SOLUSDT,ask,156,52776.0
2024-08-07 13:11:41,SOLUSDT,ask,156,52776.0
2024-08-07 13:11:53,SOLUSDT,ask,156,52817.0
2024-08-07 13:11:53,SOLUSDT,ask,156,52817.0
2024-08-07 13:11:54,SOLUSDT,ask,156,52817.0
2024-08-07 13:12:30,SOLUSDT,ask,175,58415.0
2024-08-07 13:12:30,SOLUSDT,ask,175,58415.0
2024-08-07 13:12:30,SOLUSDT,ask,175,58415.0
2024-08-07 13:12:34,SOLUSDT,ask,156,52816.0
2024-08-07 13:12:34,SOLUSDT,ask,156,52816.0
2024-08-07 13:12:34,SOLUSDT,ask,156,52816.0
2024-08-07 13:13:06,SOLUSDT,ask,156,52803.0
2024-08-07 13:13:06,SOLUSDT,ask,156,52803.0
2024-08-07 13:13:07,SOLUSDT,ask,156,52803.0
2024-08-07 13:13:35,SOLUSDT,ask,156,52860.0
2024-08-07 13:13:35,SOLUSDT,ask,156,52860.0
2024-08-07 13:13:35,SOLUSDT,ask,156,52860.0
2024-08-07 13:14:30,SOLUSDT,ask,156,52732.0
2024-08-07 13:14:30,SOLUSDT,ask,156,52732.0
2024-08-07 13:14:30,SOLUSDT,ask,156,52732.0
2024-08-07 13:15:30,SOLUSDT,ask,156,52937.0
2024-08-07 13:15:30,SOLUSDT,ask,156,52937.0
2024-08-07 13:15:30,SOLUSDT,ask,156,52937.0
2024-08-07 13:15:36,SOLUSDT,ask,156,52934.0
2024-08-07 13:15:36,SOLUSDT,ask,156,52934.0
2024-08-07 13:15:37,SOLUSDT,ask,156,52934.0
2024-08-07 13:16:31,SOLUSDT,ask,156,52936.0
2024-08-07 13:16:31,SOLUSDT,ask,156,52936.0
2024-08-07 13:16:32,SOLUSDT,ask,156,52936.0
2024-08-07 13:16:57,SOLUSDT,ask,156,52929.0
2024-08-07 13:16:57,SOLUSDT,ask,156,52929.0
2024-08-07 13:16:57,SOLUSDT,ask,156,52929.0
2024-08-07 13:18:01,SOLUSDT,ask,175,58417.0
2024-08-07 13:18:01,SOLUSDT,ask,175,58417.0
2024-08-07 13:18:01,SOLUSDT,ask,175,58417.0
2024-08-07 13:18:24,SOLUSDT,ask,156,52722.0
2024-08-07 13:18:24,SOLUSDT,ask,156,52722.0
2024-08-07 13:18:25,SOLUSDT,ask,156,52722.0
2024-08-07 13:18:41,SOLUSDT,ask,176,57622.0
2024-08-07 13:18:41,SOLUSDT,ask,176,57622.0
2024-08-07 13:18:41,SOLUSDT,ask,176,57622.0
2024-08-07 13:19:43,SOLUSDT,ask,156,52741.0
2024-08-07 13:19:43,SOLUSDT,ask,156,52741.0
2024-08-07 13:19:43,SOLUSDT,ask,156,52741.0
2024-08-07 13:21:35,SOLUSDT,ask,156,52634.0
2024-08-07 13:21:35,SOLUSDT,ask,156,52634.0
2024-08-07 13:21:36,SOLUSDT,ask,156,52634.0
2024-08-07 13:23:21,SOLUSDT,ask,200,54724.0
2024-08-07 13:23:21,SOLUSDT,ask,200,54724.0
2024-08-07 13:23:21,SOLUSDT,ask,200,54724.0
2024-08-07 13:23:39,SOLUSDT,ask,200,54722.0
2024-08-07 13:23:39,SOLUSDT,ask,200,54722.0
2024-08-07 13:23:39,SOLUSDT,ask,200,54722.0
2024-08-07 13:23:44,SOLUSDT,ask,175,58418.0
2024-08-07 13:23:44,SOLUSDT,ask,175,58418.0
2024-08-07 13:23:44,SOLUSDT,ask,175,58418.0
2024-08-07 13:24:23,SOLUSDT,ask,156,52625.0
2024-08-07 13:24:23,SOLUSDT,ask,156,52625.0
2024-08-07 13:24:24,SOLUSDT,ask,156,52625.0
2024-08-07 13:24:51,SOLUSDT,ask,156,52613.0
2024-08-07 13:24:51,SOLUSDT,ask,156,52613.0
2024-08-07 13:24:51,SOLUSDT,ask,156,52613.0
2024-08-07 13:27:47,SOLUSDT,ask,156,52012.0
2024-08-07 13:27:47,SOLUSDT,ask,156,52012.0
2024-08-07 13:27:47,SOLUSDT,ask,156,52012.0
2024-08-07 13:28:23,SOLUSDT,ask,156,52013.0
2024-08-07 13:28:23,SOLUSDT,ask,156,52013.0
2024-08-07 13:28:23,SOLUSDT,ask,156,52013.0
2024-08-07 13:29:23,SOLUSDT,ask,175,58318.0
2024-08-07 13:29:23,SOLUSDT,ask,175,58318.0
2024-08-07 13:29:23,SOLUSDT,ask,175,58318.0
2024-08-07 13:29:44,SOLUSDT,ask,175,58418.0
2024-08-07 13:29:44,SOLUSDT,ask,175,58418.0
2024-08-07 13:29:44,SOLUSDT,ask,175,58418.0
2024-08-07 13:30:19,SOLUSDT,ask,156,52029.0
2024-08-07 13:30:19,SOLUSDT,ask,156,52029.0
2024-08-07 13:30:19,SOLUSDT,ask,156,52029.0
2024-08-07 13:31:25,SOLUSDT,ask,176,57457.0
2024-08-07 13:31:25,SOLUSDT,ask,176,57457.0
2024-08-07 13:31:25,SOLUSDT,ask,176,57457.0
2024-08-07 13:31:29,SOLUSDT,ask,175,58422.0
2024-08-07 13:31:29,SOLUSDT,ask,175,58422.0
2024-08-07 13:31:29,SOLUSDT,ask,175,58422.0
2024-08-07 13:32:49,SOLUSDT,ask,156,51921.0
2024-08-07 13:32:49,SOLUSDT,ask,156,51921.0
2024-08-07 13:32:49,SOLUSDT,ask,156,51921.0
2024-08-07 13:33:08,SOLUSDT,ask,156,51911.0
2024-08-07 13:33:08,SOLUSDT,ask,156,51911.0
2024-08-07 13:33:08,SOLUSDT,ask,156,51911.0
2024-08-07 13:33:28,SOLUSDT,ask,156,51909.0
2024-08-07 13:33:28,SOLUSDT,ask,156,51909.0
2024-08-07 13:33:28,SOLUSDT,ask,156,51909.0
2024-08-07 13:34:13,SOLUSDT,ask,156,51957.0
2024-08-07 13:34:13,SOLUSDT,ask,156,51957.0
2024-08-07 13:34:13,SOLUSDT,ask,156,51957.0
2024-08-07 13:34:39,SOLUSDT,ask,156,51958.0
2024-08-07 13:34:39,SOLUSDT,ask,156,51958.0
2024-08-07 13:34:39,SOLUSDT,ask,156,51958.0
2024-08-07 13:36:04,SOLUSDT,ask,156,51957.0
2024-08-07 13:36:04,SOLUSDT,ask,156,51957.0
2024-08-07 13:36:04,SOLUSDT,ask,156,51957.0
2024-08-07 13:36:18,SOLUSDT,ask,175,58417.0
2024-08-07 13:36:18,SOLUSDT,ask,175,58417.0
2024-08-07 13:36:18,SOLUSDT,ask,175,58417.0
2024-08-07 13:37:03,SOLUSDT,ask,156,51968.0
2024-08-07 13:37:03,SOLUSDT,ask,156,51968.0
2024-08-07 13:37:03,SOLUSDT,ask,156,51968.0
2024-08-07 13:37:11,SOLUSDT,ask,175,58317.0
2024-08-07 13:37:11,SOLUSDT,ask,175,58317.0
2024-08-07 13:37:11,SOLUSDT,ask,175,58317.0
2024-08-07 13:38:22,SOLUSDT,ask,156,51963.0
2024-08-07 13:38:22,SOLUSDT,ask,156,51963.0
2024-08-07 13:38:23,SOLUSDT,ask,156,51963.0
2024-08-07 13:38:36,SOLUSDT,ask,156,51914.0
2024-08-07 13:38:36,SOLUSDT,ask,156,51914.0
2024-08-07 13:38:36,SOLUSDT,ask,156,51914.0
2024-08-07 13:39:13,SOLUSDT,ask,175,58305.0
2024-08-07 13:39:13,SOLUSDT,ask,175,58305.0
2024-08-07 13:39:13,SOLUSDT,ask,175,58305.0
2024-08-07 13:39:39,SOLUSDT,ask,156,51863.0
2024-08-07 13:39:39,SOLUSDT,ask,156,51863.0
2024-08-07 13:39:39,SOLUSDT,ask,156,51863.0
2024-08-07 13:40:12,SOLUSDT,ask,156,51831.0
2024-08-07 13:40:12,SOLUSDT,ask,156,51831.0
2024-08-07 13:40:12,SOLUSDT,ask,156,51831.0
2024-08-07 13:40:37,SOLUSDT,ask,156,51830.0
2024-08-07 13:40:37,SOLUSDT,ask,156,51830.0
2024-08-07 13:40:37,SOLUSDT,ask,156,51830.0
2024-08-07 13:40:52,SOLUSDT,ask,156,51832.0
2024-08-07 13:40:52,SOLUSDT,ask,156,51832.0
2024-08-07 13:40:52,SOLUSDT,ask,156,51832.0
2024-08-07 13:41:34,SOLUSDT,ask,156,51838.0
2024-08-07 13:41:34,SOLUSDT,ask,156,51838.0
2024-08-07 13:41:34,SOLUSDT,ask,156,51838.0
2024-08-07 13:44:57,SOLUSDT,ask,156,51837.0
2024-08-07 13:44:57,SOLUSDT,ask,156,51837.0
2024-08-07 13:44:57,SOLUSDT,ask,156,51837.0
2024-08-07 13:45:14,SOLUSDT,ask,156,51823.0
2024-08-07 13:45:14,SOLUSDT,ask,156,51823.0
2024-08-07 13:45:14,SOLUSDT,ask,156,51823.0
2024-08-07 13:46:07,SOLUSDT,ask,175,58304.0
2024-08-07 13:46:07,SOLUSDT,ask,175,58304.0
2024-08-07 13:46:07,SOLUSDT,ask,175,58304.0
2024-08-07 13:47:00,SOLUSDT,ask,156,51813.0
2024-08-07 13:47:00,SOLUSDT,ask,156,51813.0
2024-08-07 13:47:00,SOLUSDT,ask,156,51813.0
2024-08-07 13:47:24,SOLUSDT,ask,156,51914.0
2024-08-07 13:47:24,SOLUSDT,ask,156,51914.0
2024-08-07 13:47:24,SOLUSDT,ask,156,51914.0
2024-08-07 13:47:49,SOLUSDT,ask,156,51924.0
2024-08-07 13:47:49,SOLUSDT,ask,156,51924.0
2024-08-07 13:47:49,SOLUSDT,ask,156,51924.0
2024-08-07 13:48:09,SOLUSDT,ask,178,57457.0
2024-08-07 13:48:09,SOLUSDT,ask,178,57457.0
2024-08-07 13:48:09,SOLUSDT,ask,178,57457.0
2024-08-07 13:50:00,SOLUSDT,ask,156,51985.0
2024-08-07 13:50:00,SOLUSDT,ask,156,51985.0
2024-08-07 13:50:00,SOLUSDT,ask,156,51985.0
2024-08-07 13:50:50,SOLUSDT,ask,152,45825.0
2024-08-07 13:50:50,SOLUSDT,ask,152,45825.0
2024-08-07 13:50:51,SOLUSDT,ask,152,45825.0
2024-08-07 13:51:12,SOLUSDT,ask,152,45820.0
2024-08-07 13:51:12,SOLUSDT,ask,152,45820.0
2024-08-07 13:51:12,SOLUSDT,ask,152,45820.0
2024-08-07 13:51:14,SOLUSDT,ask,152,45820.0
2024-08-07 13:51:14,SOLUSDT,ask,152,45820.0
2024-08-07 13:51:14,SOLUSDT,ask,152,45820.0
2024-08-07 13:51:16,SOLUSDT,ask,152,45821.0
2024-08-07 13:51:16,SOLUSDT,ask,152,45821.0
2024-08-07 13:51:16,SOLUSDT,ask,152,45821.0
2024-08-07 13:51:39,SOLUSDT,ask,156,51987.0
2024-08-07 13:51:39,SOLUSDT,ask,156,51987.0
2024-08-07 13:51:39,SOLUSDT,ask,156,51987.0
2024-08-07 13:51:45,SOLUSDT,ask,156,51988.0
2024-08-07 13:51:45,SOLUSDT,ask,156,51988.0
2024-08-07 13:51:46,SOLUSDT,ask,156,51988.0
2024-08-07 13:52:10,SOLUSDT,ask,152,45803.0
2024-08-07 13:52:10,SOLUSDT,ask,152,45803.0
2024-08-07 13:52:10,SOLUSDT,ask,152,45803.0
2024-08-07 13:52:32,SOLUSDT,ask,156,51990.0
2024-08-07 13:52:32,SOLUSDT,ask,156,51990.0
2024-08-07 13:52:32,SOLUSDT,ask,156,51990.0
2024-08-07 13:53:26,SOLUSDT,bid,151,36002.0
2024-08-07 13:53:26,SOLUSDT,bid,151,36002.0
2024-08-07 13:53:26,SOLUSDT,bid,151,36002.0
2024-08-07 13:53:47,SOLUSDT,ask,156,51974.0
2024-08-07 13:53:47,SOLUSDT,ask,156,51974.0
2024-08-07 13:53:47,SOLUSDT,ask,156,51974.0
2024-08-07 13:53:52,SOLUSDT,ask,156,51985.0
2024-08-07 13:53:52,SOLUSDT,ask,156,51985.0
2024-08-07 13:53:52,SOLUSDT,ask,156,51985.0
2024-08-07 13:54:15,SOLUSDT,bid,151,36004.0
2024-08-07 13:54:15,SOLUSDT,bid,151,36004.0
2024-08-07 13:54:15,SOLUSDT,bid,151,36004.0
2024-08-07 13:54:32,SOLUSDT,bid,151,36002.0
2024-08-07 13:54:32,SOLUSDT,bid,151,36002.0
2024-08-07 13:54:32,SOLUSDT,bid,151,36004.0
2024-08-07 13:54:32,SOLUSDT,bid,151,36004.0
2024-08-07 13:54:32,SOLUSDT,bid,151,36002.0
2024-08-07 13:54:32,SOLUSDT,bid,151,36004.0
2024-08-07 13:54:38,SOLUSDT,bid,151,36002.0
2024-08-07 13:54:38,SOLUSDT,bid,151,36002.0
2024-08-07 13:54:38,SOLUSDT,bid,151,36002.0
2024-08-07 13:54:42,SOLUSDT,bid,151,36004.0
2024-08-07 13:54:42,SOLUSDT,bid,151,36004.0
2024-08-07 13:54:42,SOLUSDT,bid,151,36004.0
2024-08-07 13:54:42,SOLUSDT,bid,151,36002.0
2024-08-07 13:54:42,SOLUSDT,bid,151,36002.0
2024-08-07 13:54:42,SOLUSDT,bid,151,36004.0
2024-08-07 13:54:42,SOLUSDT,bid,151,36004.0
2024-08-07 13:54:42,SOLUSDT,bid,151,36002.0
2024-08-07 13:54:42,SOLUSDT,bid,151,36004.0
2024-08-07 13:54:59,SOLUSDT,bid,151,36007.0
2024-08-07 13:54:59,SOLUSDT,bid,151,36007.0
2024-08-07 13:54:59,SOLUSDT,bid,151,36007.0
2024-08-07 13:55:10,SOLUSDT,ask,156,51924.0
2024-08-07 13:55:10,SOLUSDT,ask,156,51924.0
2024-08-07 13:55:10,SOLUSDT,ask,156,51924.0
2024-08-07 13:55:26,SOLUSDT,ask,156,51918.0
2024-08-07 13:55:26,SOLUSDT,ask,156,51918.0
2024-08-07 13:55:26,SOLUSDT,ask,156,51918.0
2024-08-07 13:56:10,SOLUSDT,ask,200,54722.0
2024-08-07 13:56:10,SOLUSDT,ask,200,54722.0
2024-08-07 13:56:10,SOLUSDT,ask,200,54722.0
2024-08-07 13:56:22,SOLUSDT,ask,153,37074.0
2024-08-07 13:56:22,SOLUSDT,ask,153,37074.0
2024-08-07 13:56:23,SOLUSDT,ask,156,51917.0
2024-08-07 13:56:23,SOLUSDT,ask,156,51917.0
2024-08-07 13:56:23,SOLUSDT,ask,153,37074.0
2024-08-07 13:56:23,SOLUSDT,ask,156,51917.0
2024-08-07 13:56:24,SOLUSDT,ask,153,37187.0
2024-08-07 13:56:24,SOLUSDT,ask,153,37187.0
2024-08-07 13:56:24,SOLUSDT,ask,153,37187.0
2024-08-07 13:56:28,SOLUSDT,ask,153,37186.0
2024-08-07 13:56:28,SOLUSDT,ask,153,37186.0
2024-08-07 13:56:28,SOLUSDT,ask,153,37186.0
2024-08-07 13:56:30,SOLUSDT,ask,153,37189.0
2024-08-07 13:56:30,SOLUSDT,ask,153,37189.0
2024-08-07 13:56:31,SOLUSDT,ask,153,37189.0
2024-08-07 13:56:45,SOLUSDT,ask,153,37191.0
2024-08-07 13:56:45,SOLUSDT,ask,153,37191.0
2024-08-07 13:56:45,SOLUSDT,ask,153,37191.0
2024-08-07 13:56:58,SOLUSDT,ask,153,37195.0
2024-08-07 13:56:58,SOLUSDT,ask,153,37195.0
2024-08-07 13:56:58,SOLUSDT,ask,153,37195.0
2024-08-07 13:57:35,SOLUSDT,ask,153,37197.0
2024-08-07 13:57:35,SOLUSDT,ask,153,37197.0
2024-08-07 13:57:35,SOLUSDT,ask,153,37197.0
2024-08-07 13:57:39,SOLUSDT,ask,153,37202.0
2024-08-07 13:57:39,SOLUSDT,ask,153,37202.0
2024-08-07 13:57:40,SOLUSDT,ask,153,37202.0
2024-08-07 13:57:42,SOLUSDT,ask,153,37199.0
2024-08-07 13:57:42,SOLUSDT,ask,153,37199.0
2024-08-07 13:57:42,SOLUSDT,ask,153,37199.0
2024-08-07 13:58:18,SOLUSDT,ask,156,55229.0
2024-08-07 13:58:18,SOLUSDT,ask,156,55229.0
2024-08-07 13:58:18,SOLUSDT,ask,156,55229.0
2024-08-07 13:58:48,SOLUSDT,ask,156,55279.0
2024-08-07 13:58:48,SOLUSDT,ask,156,55279.0
2024-08-07 13:58:49,SOLUSDT,ask,156,55279.0
2024-08-07 13:59:02,SOLUSDT,ask,156,55276.0
2024-08-07 13:59:02,SOLUSDT,ask,156,55276.0
2024-08-07 13:59:02,SOLUSDT,ask,156,55276.0
2024-08-07 13:59:34,SOLUSDT,ask,176,57457.0
2024-08-07 13:59:34,SOLUSDT,ask,176,57457.0
2024-08-07 13:59:34,SOLUSDT,ask,176,57457.0
2024-08-07 13:59:43,SOLUSDT,bid,151,62063.0
2024-08-07 13:59:43,SOLUSDT,bid,151,62063.0
2024-08-07 13:59:43,SOLUSDT,bid,151,62063.0
2024-08-07 13:59:52,SOLUSDT,bid,151,62031.0
2024-08-07 13:59:52,SOLUSDT,bid,151,62031.0
2024-08-07 13:59:52,SOLUSDT,bid,151,62031.0
2024-08-07 13:59:54,SOLUSDT,bid,151,62032.0
2024-08-07 13:59:54,SOLUSDT,bid,151,62032.0
2024-08-07 13:59:54,SOLUSDT,bid,151,62032.0
2024-08-07 14:00:03,SOLUSDT,bid,151,62034.0
2024-08-07 14:00:03,SOLUSDT,bid,151,62034.0
2024-08-07 14:00:03,SOLUSDT,bid,151,62034.0
2024-08-07 14:00:05,SOLUSDT,bid,151,62032.0
2024-08-07 14:00:05,SOLUSDT,bid,151,62032.0
2024-08-07 14:00:05,SOLUSDT,bid,151,62032.0
2024-08-07 14:00:06,SOLUSDT,bid,151,62038.0
2024-08-07 14:00:06,SOLUSDT,bid,151,62038.0
2024-08-07 14:00:06,SOLUSDT,bid,151,62038.0
2024-08-07 14:00:11,SOLUSDT,bid,151,62087.0
2024-08-07 14:00:11,SOLUSDT,bid,151,62087.0
2024-08-07 14:00:11,SOLUSDT,bid,151,62087.0
2024-08-07 14:00:12,SOLUSDT,bid,151,62038.0
2024-08-07 14:00:12,SOLUSDT,bid,151,62038.0
2024-08-07 14:00:12,SOLUSDT,bid,151,62038.0
2024-08-07 14:00:12,SOLUSDT,bid,151,62064.0
2024-08-07 14:00:12,SOLUSDT,bid,151,62064.0
2024-08-07 14:00:12,SOLUSDT,bid,151,62064.0
2024-08-07 14:00:14,SOLUSDT,bid,151,62038.0
2024-08-07 14:00:14,SOLUSDT,bid,151,62038.0
2024-08-07 14:00:14,SOLUSDT,bid,151,62038.0
2024-08-07 14:00:14,SOLUSDT,bid,151,62038.0
2024-08-07 14:00:14,SOLUSDT,bid,151,62038.0
2024-08-07 14:00:14,SOLUSDT,bid,151,62038.0
2024-08-07 14:00:17,SOLUSDT,bid,151,62087.0
2024-08-07 14:00:17,SOLUSDT,bid,151,62087.0
2024-08-07 14:00:17,SOLUSDT,bid,151,62087.0
2024-08-07 14:00:21,SOLUSDT,bid,151,62038.0
2024-08-07 14:00:21,SOLUSDT,bid,151,62038.0
2024-08-07 14:00:21,SOLUSDT,bid,151,62038.0
2024-08-07 14:00:22,SOLUSDT,bid,151,62032.0
2024-08-07 14:00:22,SOLUSDT,bid,151,62032.0
2024-08-07 14:00:23,SOLUSDT,bid,151,62032.0
2024-08-07 14:00:23,SOLUSDT,bid,151,62035.0
2024-08-07 14:00:23,SOLUSDT,bid,151,62035.0
2024-08-07 14:00:23,SOLUSDT,bid,151,62035.0
2024-08-07 14:00:25,SOLUSDT,bid,151,62067.0
2024-08-07 14:00:25,SOLUSDT,bid,151,62067.0
2024-08-07 14:00:25,SOLUSDT,bid,151,62067.0
2024-08-07 14:00:25,SOLUSDT,bid,151,62099.0
2024-08-07 14:00:25,SOLUSDT,bid,151,62099.0
2024-08-07 14:00:26,SOLUSDT,bid,151,62099.0
2024-08-07 14:00:27,SOLUSDT,bid,151,62096.0
2024-08-07 14:00:27,SOLUSDT,bid,151,62096.0
2024-08-07 14:00:27,SOLUSDT,bid,151,62096.0
2024-08-07 14:00:35,SOLUSDT,bid,151,62064.0
2024-08-07 14:00:35,SOLUSDT,bid,151,62064.0
2024-08-07 14:00:35,SOLUSDT,bid,151,62064.0
2024-08-07 14:00:35,SOLUSDT,bid,151,62096.0
2024-08-07 14:00:35,SOLUSDT,bid,151,62096.0
2024-08-07 14:00:35,SOLUSDT,bid,151,62096.0
2024-08-07 14:00:35,SOLUSDT,bid,151,62096.0
2024-08-07 14:00:35,SOLUSDT,bid,151,62096.0
2024-08-07 14:00:35,SOLUSDT,bid,151,62096.0
2024-08-07 14:00:36,SOLUSDT,bid,151,62032.0
2024-08-07 14:00:36,SOLUSDT,bid,151,62032.0
2024-08-07 14:00:36,SOLUSDT,bid,151,62032.0
2024-08-07 14:00:45,SOLUSDT,ask,178,57456.0
2024-08-07 14:00:45,SOLUSDT,ask,178,57456.0
2024-08-07 14:00:46,SOLUSDT,ask,178,57456.0
2024-08-07 14:02:11,SOLUSDT,ask,156,55275.0
2024-08-07 14:02:11,SOLUSDT,ask,156,55275.0
2024-08-07 14:02:11,SOLUSDT,ask,156,55275.0
2024-08-07 14:02:21,SOLUSDT,ask,156,55260.0
2024-08-07 14:02:21,SOLUSDT,ask,156,55260.0
2024-08-07 14:02:21,SOLUSDT,ask,156,55260.0
2024-08-07 14:02:27,SOLUSDT,ask,156,55245.0
2024-08-07 14:02:27,SOLUSDT,ask,156,55245.0
2024-08-07 14:02:27,SOLUSDT,ask,156,55245.0
2024-08-07 14:02:34,SOLUSDT,ask,156,55246.0
2024-08-07 14:02:34,SOLUSDT,ask,156,55246.0
2024-08-07 14:02:34,SOLUSDT,ask,156,55246.0
2024-08-07 14:03:21,SOLUSDT,ask,156,55247.0
2024-08-07 14:03:21,SOLUSDT,ask,156,55247.0
2024-08-07 14:03:22,SOLUSDT,ask,156,55247.0
2024-08-07 14:03:22,SOLUSDT,ask,156,55246.0
2024-08-07 14:03:22,SOLUSDT,ask,156,55246.0
2024-08-07 14:03:22,SOLUSDT,ask,156,55246.0
2024-08-07 14:03:25,SOLUSDT,ask,156,55277.0
2024-08-07 14:03:25,SOLUSDT,ask,156,55277.0
2024-08-07 14:03:25,SOLUSDT,ask,156,55277.0
2024-08-07 14:03:33,SOLUSDT,ask,156,55276.0
2024-08-07 14:03:33,SOLUSDT,ask,156,55276.0
2024-08-07 14:03:33,SOLUSDT,ask,156,55276.0
2024-08-07 14:06:34,SOLUSDT,ask,156,55269.0
2024-08-07 14:06:34,SOLUSDT,ask,156,55269.0
2024-08-07 14:06:34,SOLUSDT,ask,156,55269.0
2024-08-07 14:07:37,SOLUSDT,ask,156,55268.0
2024-08-07 14:07:37,SOLUSDT,ask,156,55268.0
2024-08-07 14:07:37,SOLUSDT,ask,156,55268.0
2024-08-07 14:08:23,SOLUSDT,ask,156,55416.0
2024-08-07 14:08:23,SOLUSDT,ask,156,55416.0
2024-08-07 14:08:23,SOLUSDT,ask,156,55416.0
2024-08-07 14:11:16,SOLUSDT,ask,175,58303.0
2024-08-07 14:11:16,SOLUSDT,ask,175,58303.0
2024-08-07 14:11:16,SOLUSDT,ask,175,58303.0
2024-08-07 14:13:05,SOLUSDT,ask,200,54735.0
2024-08-07 14:13:05,SOLUSDT,ask,200,54735.0
2024-08-07 14:13:05,SOLUSDT,ask,200,54735.0
2024-08-07 14:14:10,SOLUSDT,ask,175,58306.0
2024-08-07 14:14:10,SOLUSDT,ask,175,58306.0
2024-08-07 14:14:10,SOLUSDT,ask,175,58306.0
2024-08-07 14:19:29,SOLUSDT,ask,156,55264.0
2024-08-07 14:19:29,SOLUSDT,ask,156,55264.0
2024-08-07 14:19:29,SOLUSDT,ask,156,55264.0
2024-08-07 14:21:15,SOLUSDT,ask,156,55259.0
2024-08-07 14:21:15,SOLUSDT,ask,156,55259.0
2024-08-07 14:21:15,SOLUSDT,ask,156,55259.0
2024-08-07 14:22:58,SOLUSDT,ask,156,55256.0
2024-08-07 14:22:58,SOLUSDT,ask,156,55256.0
2024-08-07 14:22:58,SOLUSDT,ask,156,55256.0
2024-08-07 14:24:26,SOLUSDT,ask,156,55236.0
2024-08-07 14:24:26,SOLUSDT,ask,156,55236.0
2024-08-07 14:24:26,SOLUSDT,ask,156,55236.0
2024-08-07 14:24:36,SOLUSDT,ask,156,55235.0
2024-08-07 14:24:36,SOLUSDT,ask,156,55235.0
2024-08-07 14:24:36,SOLUSDT,ask,156,55235.0
2024-08-07 14:26:45,SOLUSDT,ask,156,55299.0
2024-08-07 14:26:45,SOLUSDT,ask,156,55299.0
2024-08-07 14:26:45,SOLUSDT,ask,156,55299.0
2024-08-07 14:28:46,SOLUSDT,ask,156,55289.0
2024-08-07 14:28:46,SOLUSDT,ask,156,55289.0
2024-08-07 14:28:46,SOLUSDT,ask,156,55289.0
2024-08-07 14:32:11,SOLUSDT,ask,156,55288.0
2024-08-07 14:32:11,SOLUSDT,ask,156,55288.0
2024-08-07 14:32:11,SOLUSDT,ask,156,55288.0
2024-08-07 14:32:30,SOLUSDT,ask,156,55282.0
2024-08-07 14:32:30,SOLUSDT,ask,156,55282.0
2024-08-07 14:32:30,SOLUSDT,ask,156,55282.0
2024-08-07 14:33:02,SOLUSDT,ask,156,51987.0
2024-08-07 14:33:02,SOLUSDT,ask,156,51987.0
2024-08-07 14:33:02,SOLUSDT,ask,156,51987.0
2024-08-07 14:33:15,SOLUSDT,ask,156,51992.0
2024-08-07 14:33:15,SOLUSDT,ask,156,51992.0
2024-08-07 14:33:15,SOLUSDT,ask,156,51992.0
2024-08-07 14:35:17,SOLUSDT,ask,156,51992.0
2024-08-07 14:35:17,SOLUSDT,ask,156,51992.0
2024-08-07 14:35:17,SOLUSDT,ask,156,51992.0
2024-08-07 14:35:38,SOLUSDT,ask,156,51988.0
2024-08-07 14:35:38,SOLUSDT,ask,156,51988.0
2024-08-07 14:35:38,SOLUSDT,ask,156,51988.0
2024-08-07 14:35:44,SOLUSDT,ask,156,51971.0
2024-08-07 14:35:44,SOLUSDT,ask,156,51971.0
2024-08-07 14:35:44,SOLUSDT,ask,156,51971.0
2024-08-07 14:36:37,SOLUSDT,ask,156,52071.0
2024-08-07 14:36:37,SOLUSDT,ask,156,52071.0
2024-08-07 14:36:37,SOLUSDT,ask,156,52071.0
2024-08-07 14:36:38,SOLUSDT,ask,156,52072.0
2024-08-07 14:36:38,SOLUSDT,ask,156,52072.0
2024-08-07 14:36:38,SOLUSDT,ask,156,52072.0
2024-08-07 14:37:30,SOLUSDT,ask,175,58307.0
2024-08-07 14:37:30,SOLUSDT,ask,200,54738.0
2024-08-07 14:37:30,SOLUSDT,ask,175,58307.0
2024-08-07 14:37:30,SOLUSDT,ask,200,54738.0
2024-08-07 14:37:30,SOLUSDT,ask,175,58307.0
2024-08-07 14:37:30,SOLUSDT,ask,200,54738.0
2024-08-07 14:38:28,SOLUSDT,ask,156,52069.0
2024-08-07 14:38:28,SOLUSDT,ask,156,52069.0
2024-08-07 14:38:28,SOLUSDT,ask,156,52069.0
2024-08-07 14:39:30,SOLUSDT,ask,156,52332.0
2024-08-07 14:39:30,SOLUSDT,ask,156,52332.0
2024-08-07 14:39:30,SOLUSDT,ask,156,52332.0
2024-08-07 14:40:05,SOLUSDT,ask,156,52333.0
2024-08-07 14:40:05,SOLUSDT,ask,156,52333.0
2024-08-07 14:40:05,SOLUSDT,ask,156,52333.0
2024-08-07 14:43:08,SOLUSDT,ask,200,54737.0
2024-08-07 14:43:08,SOLUSDT,ask,200,54737.0
2024-08-07 14:43:08,SOLUSDT,ask,200,54737.0
2024-08-07 14:47:53,SOLUSDT,ask,156,52137.0
2024-08-07 14:47:53,SOLUSDT,ask,156,52137.0
2024-08-07 14:47:53,SOLUSDT,ask,156,52137.0
2024-08-07 14:48:12,SOLUSDT,ask,156,52157.0
2024-08-07 14:48:12,SOLUSDT,ask,156,52157.0
2024-08-07 14:48:12,SOLUSDT,ask,156,52157.0
2024-08-07 14:49:04,SOLUSDT,ask,175,58304.0
2024-08-07 14:49:04,SOLUSDT,ask,175,58304.0
2024-08-07 14:49:04,SOLUSDT,ask,175,58304.0
2024-08-07 14:49:05,SOLUSDT,ask,156,52173.0
2024-08-07 14:49:05,SOLUSDT,ask,156,52173.0
2024-08-07 14:49:06,SOLUSDT,ask,156,52173.0
2024-08-07 14:49:31,SOLUSDT,ask,156,52171.0
2024-08-07 14:49:31,SOLUSDT,ask,156,52171.0
2024-08-07 14:49:31,SOLUSDT,ask,156,52171.0
2024-08-07 14:49:35,SOLUSDT,ask,156,52155.0
2024-08-07 14:49:35,SOLUSDT,ask,156,52155.0
2024-08-07 14:49:35,SOLUSDT,ask,156,52155.0
2024-08-07 14:49:41,SOLUSDT,ask,156,52157.0
2024-08-07 14:49:41,SOLUSDT,ask,156,52157.0
2024-08-07 14:49:41,SOLUSDT,ask,156,52157.0
2024-08-07 14:49:49,SOLUSDT,ask,156,52156.0
2024-08-07 14:49:49,SOLUSDT,ask,156,52156.0
2024-08-07 14:49:49,SOLUSDT,ask,156,52156.0
2024-08-07 14:50:06,SOLUSDT,ask,176,57460.0
2024-08-07 14:50:06,SOLUSDT,ask,176,57460.0
2024-08-07 14:50:06,SOLUSDT,ask,176,57460.0
2024-08-07 14:50:17,SOLUSDT,ask,156,52084.0
2024-08-07 14:50:17,SOLUSDT,ask,156,52084.0
2024-08-07 14:50:17,SOLUSDT,ask,156,52084.0
2024-08-07 14:51:43,SOLUSDT,ask,156,52074.0
2024-08-07 14:51:43,SOLUSDT,ask,156,52074.0
2024-08-07 14:51:43,SOLUSDT,ask,156,52074.0
2024-08-07 14:52:20,SOLUSDT,ask,156,52084.0
2024-08-07 14:52:20,SOLUSDT,ask,156,52084.0
2024-08-07 14:52:20,SOLUSDT,ask,156,52084.0
2024-08-07 14:53:40,SOLUSDT,ask,156,52092.0
2024-08-07 14:53:40,SOLUSDT,ask,156,52092.0
2024-08-07 14:53:40,SOLUSDT,ask,156,52092.0
2024-08-07 14:53:59,SOLUSDT,ask,178,57465.0
2024-08-07 14:53:59,SOLUSDT,ask,178,57465.0
2024-08-07 14:53:59,SOLUSDT,ask,178,57465.0
2024-08-07 14:54:52,SOLUSDT,ask,178,57456.0
2024-08-07 14:54:52,SOLUSDT,ask,178,57456.0
2024-08-07 14:54:52,SOLUSDT,ask,178,57456.0
2024-08-07 14:55:00,SOLUSDT,ask,175,58304.0
2024-08-07 14:55:00,SOLUSDT,ask,175,58304.0
2024-08-07 14:55:00,SOLUSDT,ask,175,58304.0
2024-08-07 14:55:16,SOLUSDT,ask,156,53252.0
2024-08-07 14:55:16,SOLUSDT,ask,156,53252.0
2024-08-07 14:55:16,SOLUSDT,ask,156,53252.0
2024-08-07 14:55:20,SOLUSDT,ask,156,53253.0
2024-08-07 14:55:20,SOLUSDT,ask,156,53253.0
2024-08-07 14:55:20,SOLUSDT,ask,156,53253.0
2024-08-07 14:55:45,SOLUSDT,ask,156,53308.0
2024-08-07 14:55:45,SOLUSDT,ask,156,53308.0
2024-08-07 14:55:45,SOLUSDT,ask,156,53308.0
2024-08-07 14:57:24,SOLUSDT,ask,156,53298.0
2024-08-07 14:57:24,SOLUSDT,ask,156,53298.0
2024-08-07 14:57:24,SOLUSDT,ask,156,53298.0
2024-08-07 15:00:18,SOLUSDT,ask,156,53313.0
2024-08-07 15:00:18,SOLUSDT,ask,156,53313.0
2024-08-07 15:00:18,SOLUSDT,ask,156,53313.0
2024-08-07 15:00:54,SOLUSDT,ask,156,53328.0
2024-08-07 15:00:54,SOLUSDT,ask,156,53328.0
2024-08-07 15:00:55,SOLUSDT,ask,156,53328.0
2024-08-07 15:01:02,SOLUSDT,ask,156,53351.0
2024-08-07 15:01:02,SOLUSDT,ask,156,53351.0
2024-08-07 15:01:02,SOLUSDT,ask,156,53351.0
2024-08-07 15:01:50,SOLUSDT,ask,156,53353.0
2024-08-07 15:01:50,SOLUSDT,ask,156,53353.0
2024-08-07 15:01:50,SOLUSDT,ask,156,53353.0
2024-08-07 15:01:52,SOLUSDT,ask,156,53354.0
2024-08-07 15:01:52,SOLUSDT,ask,156,53354.0
2024-08-07 15:01:52,SOLUSDT,ask,156,53354.0
2024-08-07 15:02:27,SOLUSDT,ask,156,53356.0
2024-08-07 15:02:27,SOLUSDT,ask,156,53356.0
2024-08-07 15:02:27,SOLUSDT,ask,156,53356.0
2024-08-07 15:02:49,SOLUSDT,ask,156,53359.0
2024-08-07 15:02:49,SOLUSDT,ask,156,53359.0
2024-08-07 15:02:49,SOLUSDT,ask,156,53359.0
2024-08-07 15:03:32,SOLUSDT,ask,156,53200.0
2024-08-07 15:03:32,SOLUSDT,ask,156,53200.0
2024-08-07 15:03:32,SOLUSDT,ask,156,53200.0
2024-08-07 15:04:13,SOLUSDT,ask,156,53199.0
2024-08-07 15:04:13,SOLUSDT,ask,156,53199.0
2024-08-07 15:04:13,SOLUSDT,ask,156,53199.0
2024-08-07 15:05:28,SOLUSDT,ask,156,53232.0
2024-08-07 15:05:28,SOLUSDT,ask,156,53232.0
2024-08-07 15:05:28,SOLUSDT,ask,156,53232.0
2024-08-07 15:06:35,SOLUSDT,ask,156,53233.0
2024-08-07 15:06:35,SOLUSDT,ask,156,53233.0
2024-08-07 15:06:35,SOLUSDT,ask,156,53233.0
2024-08-07 15:06:36,SOLUSDT,ask,156,53232.0
2024-08-07 15:06:36,SOLUSDT,ask,156,53232.0
2024-08-07 15:06:36,SOLUSDT,ask,156,53232.0
