2024-08-07 08:13:10,BTCUSDT,ask,57200,537.536
2024-08-07 08:13:12,BTCUSDT,ask,57200,537.386
2024-08-07 08:13:38,BTCUSDT,ask,57100,526.324
2024-08-07 08:13:40,BTCUSDT,ask,57000,628.408
2024-08-07 08:14:06,BTCUSDT,ask,57000,628.391
2024-08-07 08:14:29,BTCUSDT,ask,57200,536.674
2024-08-07 08:14:52,BTCUSDT,ask,57200,536.62
2024-08-07 08:15:23,BTCUSDT,ask,57000,629.826
2024-08-07 08:15:40,BTCUSDT,ask,57000,628.437
2024-08-07 08:16:15,BTCUSDT,ask,57200,536.201
2024-08-07 08:16:36,BTCUSDT,ask,57000,626.179
2024-08-07 08:17:00,BTCUSDT,ask,57100,526.732
2024-08-07 08:17:13,BTCUSDT,ask,57200,536.211
2024-08-07 08:17:20,BTCUSDT,ask,57000,627.219
2024-08-07 08:17:44,BTCUSDT,ask,57000,625.981
2024-08-07 08:17:45,BTCUSDT,ask,57000,626.115
2024-08-07 08:17:47,BTCUSDT,ask,57000,625.739
2024-08-07 08:17:59,BTCUSDT,ask,57200,536.182
2024-08-07 08:18:12,BTCUSDT,ask,57000,626.326
2024-08-07 08:18:18,BTCUSDT,ask,57000,626.332
2024-08-07 08:18:21,BTCUSDT,ask,57100,526.032
2024-08-07 08:18:28,BTCUSDT,ask,57200,536.153
2024-08-07 08:19:06,BTCUSDT,ask,57100,526.053
2024-08-07 08:20:34,BTCUSDT,ask,57000,626.011
2024-08-07 08:21:09,BTCUSDT,ask,57000,626.018
2024-08-07 08:21:15,BTCUSDT,ask,57000,625.918
2024-08-07 08:21:18,BTCUSDT,ask,57000,626.618
2024-08-07 08:21:32,BTCUSDT,ask,57000,627.118
2024-08-07 08:21:58,BTCUSDT,ask,57000,627.118
2024-08-07 08:22:12,BTCUSDT,ask,57000,627.101
2024-08-07 08:22:21,BTCUSDT,bid,47000,877.052
2024-08-07 08:22:33,BTCUSDT,ask,57200,536.061
2024-08-07 08:22:49,BTCUSDT,ask,57000,627.099
2024-08-07 08:23:57,BTCUSDT,ask,57000,627.147
2024-08-07 08:24:30,BTCUSDT,ask,57000,626.454
2024-08-07 08:24:35,BTCUSDT,bid,47000,878.052
2024-08-07 08:26:18,BTCUSDT,ask,57000,627.332
2024-08-07 08:26:20,BTCUSDT,ask,57000,627.324
2024-08-07 08:26:37,BTCUSDT,ask,57100,527.097
2024-08-07 08:26:51,BTCUSDT,ask,57200,536.075
2024-08-07 08:27:23,BTCUSDT,ask,57000,626.912
2024-08-07 08:28:20,BTCUSDT,ask,57000,626.909
2024-08-07 08:28:50,BTCUSDT,ask,57200,536.943
2024-08-07 08:29:03,BTCUSDT,ask,57100,527.068
2024-08-07 08:29:03,BTCUSDT,ask,57000,626.907
2024-08-07 08:31:28,BTCUSDT,ask,57200,536.941
2024-08-07 08:31:29,BTCUSDT,bid,47000,877.986
2024-08-07 08:31:29,BTCUSDT,bid,47500,634.604
2024-08-07 08:31:42,BTCUSDT,ask,57100,527.082
2024-08-07 08:32:05,BTCUSDT,ask,57000,626.733
2024-08-07 08:32:28,BTCUSDT,ask,57000,626.751
2024-08-07 08:33:20,BTCUSDT,ask,57200,536.866
2024-08-07 08:33:25,BTCUSDT,ask,57000,626.951
2024-08-07 08:33:25,BTCUSDT,ask,57200,536.869
2024-08-07 08:33:38,BTCUSDT,ask,57000,626.989
2024-08-07 08:33:40,BTCUSDT,ask,57000,627.339
2024-08-07 08:34:37,BTCUSDT,ask,57000,626.942
2024-08-07 08:34:41,BTCUSDT,ask,57000,627.442
2024-08-07 08:34:43,BTCUSDT,ask,57200,536.852
2024-08-07 08:34:43,BTCUSDT,ask,57000,627.942
2024-08-07 08:34:51,BTCUSDT,ask,57000,627.942
2024-08-07 08:34:53,BTCUSDT,ask,57000,627.442
2024-08-07 08:35:07,BTCUSDT,ask,57200,536.855
2024-08-07 08:35:09,BTCUSDT,ask,57000,626.942
2024-08-07 08:35:45,BTCUSDT,ask,57000,626.822
2024-08-07 08:35:52,BTCUSDT,ask,57000,626.83
2024-08-07 08:35:56,BTCUSDT,ask,57000,626.833
2024-08-07 08:36:02,BTCUSDT,ask,57200,536.837
2024-08-07 08:36:11,BTCUSDT,ask,57000,625.969
2024-08-07 08:36:26,BTCUSDT,ask,57000,625.998
2024-08-07 08:36:31,BTCUSDT,bid,47000,877.983
2024-08-07 08:36:35,BTCUSDT,ask,57200,536.839
2024-08-07 08:36:57,BTCUSDT,ask,57000,626.0
2024-08-07 08:37:13,BTCUSDT,ask,57000,626.079
2024-08-07 08:37:49,BTCUSDT,ask,57000,626.782
2024-08-07 08:37:57,BTCUSDT,ask,57000,628.789
2024-08-07 08:38:01,BTCUSDT,ask,57000,628.781
2024-08-07 08:38:17,BTCUSDT,ask,57200,538.336
2024-08-07 08:38:22,BTCUSDT,ask,57100,528.203
2024-08-07 08:38:29,BTCUSDT,ask,57000,628.8
2024-08-07 08:38:33,BTCUSDT,ask,57000,628.824
2024-08-07 08:38:39,BTCUSDT,ask,57000,629.324
2024-08-07 08:38:42,BTCUSDT,ask,57000,628.824
2024-08-07 08:38:49,BTCUSDT,ask,57000,628.867
2024-08-07 08:38:54,BTCUSDT,ask,57200,540.756
2024-08-07 08:38:59,BTCUSDT,ask,57000,626.169
2024-08-07 08:39:04,BTCUSDT,ask,57000,626.217
2024-08-07 08:39:06,BTCUSDT,ask,57000,625.867
2024-08-07 08:39:12,BTCUSDT,bid,47500,634.6
2024-08-07 08:39:12,BTCUSDT,ask,57000,625.857
2024-08-07 08:39:17,BTCUSDT,ask,57000,625.869
2024-08-07 08:39:17,BTCUSDT,ask,57000,625.882
2024-08-07 08:39:18,BTCUSDT,ask,57000,625.77
2024-08-07 08:39:26,BTCUSDT,ask,57000,625.759
2024-08-07 08:39:47,BTCUSDT,ask,57000,626.259
2024-08-07 08:39:48,BTCUSDT,ask,57000,626.267
2024-08-07 08:39:49,BTCUSDT,ask,57000,625.767
2024-08-07 08:40:15,BTCUSDT,ask,57000,625.765
2024-08-07 08:40:28,BTCUSDT,ask,57000,625.8
2024-08-07 08:40:45,BTCUSDT,ask,57000,625.907
2024-08-07 08:40:47,BTCUSDT,ask,57200,539.752
2024-08-07 08:40:57,BTCUSDT,ask,57000,625.9
2024-08-07 08:41:00,BTCUSDT,ask,57100,528.752
2024-08-07 08:41:02,BTCUSDT,ask,57000,627.102
2024-08-07 08:41:04,BTCUSDT,ask,57000,627.302
2024-08-07 08:41:20,BTCUSDT,ask,57000,625.263
2024-08-07 08:41:35,BTCUSDT,ask,57000,625.358
2024-08-07 08:41:36,BTCUSDT,ask,57000,625.368
2024-08-07 08:41:38,BTCUSDT,ask,57000,625.374
2024-08-07 08:41:48,BTCUSDT,ask,57000,625.6
2024-08-07 08:41:49,BTCUSDT,ask,57000,625.5
2024-08-07 08:41:50,BTCUSDT,ask,57100,528.773
2024-08-07 08:41:52,BTCUSDT,ask,57000,625.479
2024-08-07 08:41:52,BTCUSDT,ask,57000,625.452
2024-08-07 08:41:54,BTCUSDT,ask,57200,541.46
2024-08-07 08:41:58,BTCUSDT,ask,57000,625.462
2024-08-07 08:41:58,BTCUSDT,ask,57200,541.621
2024-08-07 08:42:01,BTCUSDT,ask,57000,625.462
2024-08-07 08:42:02,BTCUSDT,ask,57000,625.464
2024-08-07 08:42:04,BTCUSDT,ask,57000,626.421
2024-08-07 08:43:05,BTCUSDT,ask,57100,529.937
2024-08-07 08:43:05,BTCUSDT,ask,57200,543.013
2024-08-07 08:43:05,BTCUSDT,ask,57100,529.966
2024-08-07 08:43:05,BTCUSDT,ask,57000,633.953
2024-08-07 08:43:07,BTCUSDT,ask,57200,542.909
2024-08-07 08:43:07,BTCUSDT,ask,57000,633.955
2024-08-07 08:43:09,BTCUSDT,ask,57200,542.649
2024-08-07 08:43:10,BTCUSDT,ask,57200,542.589
2024-08-07 08:43:14,BTCUSDT,ask,57000,635.711
2024-08-07 08:43:14,BTCUSDT,ask,57000,635.714
2024-08-07 08:43:14,BTCUSDT,ask,57000,635.718
2024-08-07 08:43:16,BTCUSDT,ask,57000,634.808
2024-08-07 08:43:17,BTCUSDT,ask,57000,634.853
2024-08-07 08:43:25,BTCUSDT,ask,57000,629.839
2024-08-07 08:43:28,BTCUSDT,ask,57000,629.863
2024-08-07 08:43:31,BTCUSDT,ask,57000,629.794
2024-08-07 08:43:35,BTCUSDT,ask,57100,529.887
2024-08-07 08:43:35,BTCUSDT,ask,57100,529.887
2024-08-07 08:43:39,BTCUSDT,ask,57200,542.597
2024-08-07 08:43:39,BTCUSDT,ask,57200,542.597
2024-08-07 08:43:43,BTCUSDT,ask,57100,529.885
2024-08-07 08:43:43,BTCUSDT,ask,57100,529.885
2024-08-07 08:43:43,BTCUSDT,ask,57000,629.792
2024-08-07 08:43:43,BTCUSDT,ask,57000,629.792
2024-08-07 08:43:52,BTCUSDT,ask,57000,629.853
2024-08-07 08:43:52,BTCUSDT,ask,57000,629.853
2024-08-07 08:43:52,BTCUSDT,ask,57000,629.853
2024-08-07 08:43:53,BTCUSDT,ask,57000,630.175
2024-08-07 08:43:53,BTCUSDT,ask,57000,630.175
2024-08-07 08:43:53,BTCUSDT,ask,57000,630.175
2024-08-07 08:43:56,BTCUSDT,ask,57000,630.182
2024-08-07 08:43:56,BTCUSDT,ask,57000,630.182
2024-08-07 08:43:56,BTCUSDT,ask,57000,630.182
2024-08-07 08:43:59,BTCUSDT,bid,47500,634.515
2024-08-07 08:43:59,BTCUSDT,bid,47500,634.515
2024-08-07 08:43:59,BTCUSDT,bid,47500,634.515
2024-08-07 08:44:04,BTCUSDT,ask,57000,630.18
2024-08-07 08:44:04,BTCUSDT,ask,57000,630.18
2024-08-07 08:44:04,BTCUSDT,ask,57000,630.18
2024-08-07 08:44:16,BTCUSDT,ask,57100,529.938
2024-08-07 08:44:16,BTCUSDT,ask,57100,529.938
2024-08-07 08:44:16,BTCUSDT,ask,57100,529.938
2024-08-07 08:44:21,BTCUSDT,ask,57000,629.894
2024-08-07 08:44:21,BTCUSDT,ask,57000,629.894
2024-08-07 08:44:21,BTCUSDT,ask,57000,629.894
2024-08-07 08:44:24,BTCUSDT,ask,57200,542.367
2024-08-07 08:44:24,BTCUSDT,ask,57200,542.367
2024-08-07 08:44:24,BTCUSDT,ask,57200,542.367
2024-08-07 08:44:31,BTCUSDT,ask,57000,629.824
2024-08-07 08:44:31,BTCUSDT,ask,57000,629.824
2024-08-07 08:44:31,BTCUSDT,ask,57000,629.824
2024-08-07 08:44:35,BTCUSDT,ask,57200,544.97
2024-08-07 08:44:35,BTCUSDT,ask,57200,544.97
2024-08-07 08:44:35,BTCUSDT,ask,57200,544.97
2024-08-07 08:44:37,BTCUSDT,ask,57100,530.138
2024-08-07 08:44:37,BTCUSDT,ask,57100,530.138
2024-08-07 08:44:37,BTCUSDT,ask,57100,530.138
2024-08-07 08:44:39,BTCUSDT,ask,57000,629.994
2024-08-07 08:44:39,BTCUSDT,ask,57000,629.994
2024-08-07 08:44:39,BTCUSDT,ask,57000,629.994
2024-08-07 08:44:40,BTCUSDT,ask,57000,629.991
2024-08-07 08:44:40,BTCUSDT,ask,57000,629.991
2024-08-07 08:44:40,BTCUSDT,ask,57000,629.991
2024-08-07 08:44:43,BTCUSDT,ask,57200,544.146
2024-08-07 08:44:43,BTCUSDT,ask,57200,544.146
2024-08-07 08:44:43,BTCUSDT,ask,57200,544.146
2024-08-07 08:44:46,BTCUSDT,ask,57200,544.063
2024-08-07 08:44:46,BTCUSDT,ask,57200,544.063
2024-08-07 08:44:46,BTCUSDT,ask,57200,544.063
2024-08-07 08:44:49,BTCUSDT,ask,57200,542.506
2024-08-07 08:44:49,BTCUSDT,ask,57200,542.506
2024-08-07 08:44:49,BTCUSDT,ask,57200,542.506
2024-08-07 08:44:51,BTCUSDT,ask,57000,630.031
2024-08-07 08:44:51,BTCUSDT,ask,57100,530.098
2024-08-07 08:44:51,BTCUSDT,ask,57000,630.031
2024-08-07 08:44:51,BTCUSDT,ask,57100,530.098
2024-08-07 08:44:51,BTCUSDT,ask,57000,630.031
2024-08-07 08:44:51,BTCUSDT,ask,57100,530.098
2024-08-07 08:44:57,BTCUSDT,ask,57000,630.071
2024-08-07 08:44:57,BTCUSDT,ask,57000,630.071
2024-08-07 08:44:57,BTCUSDT,ask,57000,630.071
2024-08-07 08:44:58,BTCUSDT,ask,57000,630.152
2024-08-07 08:44:58,BTCUSDT,ask,57000,630.152
2024-08-07 08:44:58,BTCUSDT,ask,57000,630.152
2024-08-07 08:45:08,BTCUSDT,ask,57000,630.502
2024-08-07 08:45:08,BTCUSDT,ask,57000,630.502
2024-08-07 08:45:08,BTCUSDT,ask,57000,630.502
2024-08-07 08:45:15,BTCUSDT,ask,57000,630.504
2024-08-07 08:45:15,BTCUSDT,ask,57000,630.504
2024-08-07 08:45:15,BTCUSDT,ask,57000,630.504
2024-08-07 08:45:19,BTCUSDT,ask,57100,529.685
2024-08-07 08:45:19,BTCUSDT,ask,57100,529.685
2024-08-07 08:45:19,BTCUSDT,ask,57100,529.685
2024-08-07 08:45:25,BTCUSDT,ask,57000,630.683
2024-08-07 08:45:25,BTCUSDT,ask,57100,529.687
2024-08-07 08:45:25,BTCUSDT,ask,57000,630.683
2024-08-07 08:45:25,BTCUSDT,ask,57100,529.687
2024-08-07 08:45:25,BTCUSDT,ask,57000,630.683
2024-08-07 08:45:25,BTCUSDT,ask,57100,529.687
2024-08-07 08:45:26,BTCUSDT,ask,57000,630.739
2024-08-07 08:45:26,BTCUSDT,ask,57000,630.739
2024-08-07 08:45:26,BTCUSDT,ask,57000,630.739
2024-08-07 08:45:28,BTCUSDT,ask,57000,630.769
2024-08-07 08:45:28,BTCUSDT,ask,57000,630.769
2024-08-07 08:45:28,BTCUSDT,ask,57000,630.769
2024-08-07 08:45:38,BTCUSDT,ask,57000,630.896
2024-08-07 08:45:38,BTCUSDT,ask,57000,630.896
2024-08-07 08:45:38,BTCUSDT,ask,57000,630.896
2024-08-07 08:45:41,BTCUSDT,ask,57100,529.549
2024-08-07 08:45:41,BTCUSDT,ask,57100,529.549
2024-08-07 08:45:41,BTCUSDT,ask,57100,529.549
2024-08-07 08:45:57,BTCUSDT,ask,57000,630.864
2024-08-07 08:45:57,BTCUSDT,ask,57000,630.864
2024-08-07 08:45:57,BTCUSDT,ask,57000,630.864
2024-08-07 08:46:11,BTCUSDT,ask,57100,529.536
2024-08-07 08:46:11,BTCUSDT,ask,57100,529.536
2024-08-07 08:46:11,BTCUSDT,ask,57100,529.536
2024-08-07 08:46:11,BTCUSDT,ask,57000,630.875
2024-08-07 08:46:11,BTCUSDT,ask,57000,630.875
2024-08-07 08:46:11,BTCUSDT,ask,57000,630.875
2024-08-07 08:46:14,BTCUSDT,ask,57000,630.883
2024-08-07 08:46:14,BTCUSDT,ask,57000,630.883
2024-08-07 08:46:14,BTCUSDT,ask,57000,630.883
2024-08-07 08:46:32,BTCUSDT,ask,57000,631.29
2024-08-07 08:46:32,BTCUSDT,ask,57000,631.29
2024-08-07 08:46:32,BTCUSDT,ask,57000,631.29
2024-08-07 08:46:36,BTCUSDT,ask,57000,631.331
2024-08-07 08:46:36,BTCUSDT,ask,57000,631.331
2024-08-07 08:46:36,BTCUSDT,ask,57000,631.331
2024-08-07 08:46:42,BTCUSDT,ask,57200,541.997
2024-08-07 08:46:42,BTCUSDT,ask,57200,541.997
2024-08-07 08:46:42,BTCUSDT,ask,57200,541.997
2024-08-07 08:46:44,BTCUSDT,ask,57000,631.29
2024-08-07 08:46:44,BTCUSDT,ask,57000,631.29
2024-08-07 08:46:44,BTCUSDT,ask,57000,631.29
2024-08-07 08:46:46,BTCUSDT,ask,57000,631.294
2024-08-07 08:46:46,BTCUSDT,ask,57000,631.294
2024-08-07 08:46:46,BTCUSDT,ask,57000,631.294
2024-08-07 08:46:49,BTCUSDT,ask,57100,529.54
2024-08-07 08:46:49,BTCUSDT,ask,57100,529.54
2024-08-07 08:46:49,BTCUSDT,ask,57100,529.54
2024-08-07 08:46:51,BTCUSDT,ask,57000,631.288
2024-08-07 08:46:51,BTCUSDT,ask,57000,631.288
2024-08-07 08:46:51,BTCUSDT,ask,57000,631.288
2024-08-07 08:46:52,BTCUSDT,ask,57000,631.313
2024-08-07 08:46:52,BTCUSDT,ask,57000,631.313
2024-08-07 08:46:52,BTCUSDT,ask,57000,631.313
2024-08-07 08:46:53,BTCUSDT,ask,57100,529.583
2024-08-07 08:46:53,BTCUSDT,ask,57100,529.583
2024-08-07 08:46:53,BTCUSDT,ask,57100,529.583
2024-08-07 08:46:54,BTCUSDT,ask,57100,529.683
2024-08-07 08:46:54,BTCUSDT,ask,57100,529.683
2024-08-07 08:46:54,BTCUSDT,ask,57100,529.683
2024-08-07 08:46:54,BTCUSDT,ask,57000,631.345
2024-08-07 08:46:54,BTCUSDT,ask,57000,631.345
2024-08-07 08:46:54,BTCUSDT,ask,57000,631.345
2024-08-07 08:46:57,BTCUSDT,ask,57000,631.151
2024-08-07 08:46:57,BTCUSDT,ask,57000,631.151
2024-08-07 08:46:57,BTCUSDT,ask,57000,631.151
2024-08-07 08:46:57,BTCUSDT,ask,57100,529.583
2024-08-07 08:46:57,BTCUSDT,ask,57100,529.583
2024-08-07 08:46:57,BTCUSDT,ask,57100,529.583
2024-08-07 08:47:00,BTCUSDT,ask,57000,631.162
2024-08-07 08:47:00,BTCUSDT,ask,57000,631.162
2024-08-07 08:47:00,BTCUSDT,ask,57000,631.162
2024-08-07 08:47:01,BTCUSDT,ask,57200,541.989
2024-08-07 08:47:01,BTCUSDT,ask,57200,541.989
2024-08-07 08:47:01,BTCUSDT,ask,57200,541.989
2024-08-07 08:47:03,BTCUSDT,ask,57100,529.588
2024-08-07 08:47:03,BTCUSDT,ask,57100,529.588
2024-08-07 08:47:03,BTCUSDT,ask,57100,529.588
2024-08-07 08:47:04,BTCUSDT,ask,57100,529.579
2024-08-07 08:47:04,BTCUSDT,ask,57100,529.579
2024-08-07 08:47:04,BTCUSDT,ask,57100,529.579
2024-08-07 08:47:15,BTCUSDT,ask,57000,631.276
2024-08-07 08:47:15,BTCUSDT,ask,57000,631.276
2024-08-07 08:47:15,BTCUSDT,ask,57000,631.276
2024-08-07 08:47:27,BTCUSDT,ask,57100,529.208
2024-08-07 08:47:27,BTCUSDT,ask,57200,542.457
2024-08-07 08:47:27,BTCUSDT,ask,57100,529.208
2024-08-07 08:47:27,BTCUSDT,ask,57200,542.457
2024-08-07 08:47:27,BTCUSDT,ask,57100,529.208
2024-08-07 08:47:27,BTCUSDT,ask,57200,542.457
2024-08-07 08:47:40,BTCUSDT,ask,57000,634.69
2024-08-07 08:47:40,BTCUSDT,ask,57000,634.69
2024-08-07 08:47:40,BTCUSDT,ask,57000,634.69
2024-08-07 08:47:41,BTCUSDT,ask,57000,634.898
2024-08-07 08:47:41,BTCUSDT,ask,57000,634.898
2024-08-07 08:47:41,BTCUSDT,ask,57000,634.898
2024-08-07 08:47:41,BTCUSDT,ask,57000,634.903
2024-08-07 08:47:41,BTCUSDT,ask,57000,634.903
2024-08-07 08:47:41,BTCUSDT,ask,57000,634.903
2024-08-07 08:47:41,BTCUSDT,ask,57000,634.901
2024-08-07 08:47:41,BTCUSDT,ask,57000,634.901
2024-08-07 08:47:41,BTCUSDT,ask,57000,634.901
2024-08-07 08:47:42,BTCUSDT,ask,57000,635.401
2024-08-07 08:47:42,BTCUSDT,ask,57000,635.401
2024-08-07 08:47:42,BTCUSDT,ask,57000,635.401
2024-08-07 08:47:47,BTCUSDT,ask,57200,541.593
2024-08-07 08:47:47,BTCUSDT,ask,57200,541.593
2024-08-07 08:47:47,BTCUSDT,ask,57200,541.593
2024-08-07 08:47:51,BTCUSDT,ask,57000,635.45
2024-08-07 08:47:51,BTCUSDT,ask,57000,635.45
2024-08-07 08:47:51,BTCUSDT,ask,57000,635.45
2024-08-07 08:47:51,BTCUSDT,ask,57000,635.437
2024-08-07 08:47:51,BTCUSDT,ask,57000,635.437
2024-08-07 08:47:51,BTCUSDT,ask,57000,635.437
2024-08-07 08:47:57,BTCUSDT,ask,57000,635.445
2024-08-07 08:47:57,BTCUSDT,ask,57000,635.445
2024-08-07 08:47:57,BTCUSDT,ask,57000,635.445
2024-08-07 08:47:58,BTCUSDT,ask,57000,635.454
2024-08-07 08:47:58,BTCUSDT,ask,57000,635.454
2024-08-07 08:47:58,BTCUSDT,ask,57000,635.454
2024-08-07 08:48:01,BTCUSDT,ask,57100,529.321
2024-08-07 08:48:01,BTCUSDT,ask,57100,529.321
2024-08-07 08:48:01,BTCUSDT,ask,57100,529.321
2024-08-07 08:48:03,BTCUSDT,ask,57000,635.452
2024-08-07 08:48:03,BTCUSDT,ask,57000,635.452
2024-08-07 08:48:03,BTCUSDT,ask,57000,635.452
2024-08-07 08:48:05,BTCUSDT,ask,57100,529.333
2024-08-07 08:48:05,BTCUSDT,ask,57100,529.333
2024-08-07 08:48:05,BTCUSDT,ask,57100,529.333
2024-08-07 08:48:06,BTCUSDT,ask,57000,635.454
2024-08-07 08:48:06,BTCUSDT,ask,57000,635.454
2024-08-07 08:48:06,BTCUSDT,ask,57000,635.454
2024-08-07 08:48:08,BTCUSDT,ask,57000,635.45
2024-08-07 08:48:08,BTCUSDT,ask,57000,635.45
2024-08-07 08:48:08,BTCUSDT,ask,57000,635.45
2024-08-07 08:48:15,BTCUSDT,ask,57000,635.743
2024-08-07 08:48:15,BTCUSDT,ask,57000,635.743
2024-08-07 08:48:15,BTCUSDT,ask,57000,635.743
2024-08-07 08:48:20,BTCUSDT,ask,57000,635.793
2024-08-07 08:48:20,BTCUSDT,ask,57000,635.793
2024-08-07 08:48:20,BTCUSDT,ask,57000,635.793
2024-08-07 08:48:30,BTCUSDT,ask,57000,635.44
2024-08-07 08:48:30,BTCUSDT,ask,57000,635.44
2024-08-07 08:48:30,BTCUSDT,ask,57000,635.44
2024-08-07 08:48:32,BTCUSDT,ask,57000,632.173
2024-08-07 08:48:32,BTCUSDT,ask,57000,632.173
2024-08-07 08:48:32,BTCUSDT,ask,57000,632.173
2024-08-07 08:48:42,BTCUSDT,ask,57000,632.092
2024-08-07 08:48:42,BTCUSDT,ask,57000,632.092
2024-08-07 08:48:42,BTCUSDT,ask,57000,632.092
2024-08-07 08:48:48,BTCUSDT,ask,57000,633.592
2024-08-07 08:48:48,BTCUSDT,ask,57000,633.592
2024-08-07 08:48:48,BTCUSDT,ask,57000,633.592
2024-08-07 08:48:53,BTCUSDT,ask,57000,633.378
2024-08-07 08:48:53,BTCUSDT,ask,57000,633.378
2024-08-07 08:48:53,BTCUSDT,ask,57000,633.378
2024-08-07 08:48:55,BTCUSDT,ask,57000,633.375
2024-08-07 08:48:55,BTCUSDT,ask,57000,633.375
2024-08-07 08:48:55,BTCUSDT,ask,57000,633.375
2024-08-07 08:48:58,BTCUSDT,ask,57000,633.377
2024-08-07 08:48:58,BTCUSDT,ask,57000,633.377
2024-08-07 08:48:58,BTCUSDT,ask,57000,633.377
2024-08-07 08:48:58,BTCUSDT,ask,57000,633.346
2024-08-07 08:48:58,BTCUSDT,ask,57000,633.346
2024-08-07 08:48:58,BTCUSDT,ask,57000,633.346
2024-08-07 08:48:59,BTCUSDT,ask,57000,633.349
2024-08-07 08:48:59,BTCUSDT,ask,57000,633.349
2024-08-07 08:48:59,BTCUSDT,ask,57000,633.349
2024-08-07 08:49:02,BTCUSDT,ask,57000,633.359
2024-08-07 08:49:02,BTCUSDT,ask,57000,633.359
2024-08-07 08:49:02,BTCUSDT,ask,57000,633.359
2024-08-07 08:49:08,BTCUSDT,ask,57000,633.367
2024-08-07 08:49:08,BTCUSDT,ask,57100,529.301
2024-08-07 08:49:08,BTCUSDT,ask,57000,633.367
2024-08-07 08:49:08,BTCUSDT,ask,57100,529.301
2024-08-07 08:49:09,BTCUSDT,ask,57000,633.367
2024-08-07 08:49:09,BTCUSDT,ask,57100,529.301
2024-08-07 08:49:12,BTCUSDT,ask,57000,633.365
2024-08-07 08:49:12,BTCUSDT,ask,57000,633.365
2024-08-07 08:49:13,BTCUSDT,ask,57000,633.365
2024-08-07 08:49:20,BTCUSDT,ask,57000,633.315
2024-08-07 08:49:20,BTCUSDT,ask,57000,633.315
2024-08-07 08:49:20,BTCUSDT,ask,57000,633.307
2024-08-07 08:49:20,BTCUSDT,ask,57000,633.307
2024-08-07 08:49:20,BTCUSDT,ask,57000,633.315
2024-08-07 08:49:20,BTCUSDT,ask,57000,633.307
2024-08-07 08:49:21,BTCUSDT,ask,57000,633.33
2024-08-07 08:49:21,BTCUSDT,ask,57000,633.33
2024-08-07 08:49:21,BTCUSDT,ask,57000,633.33
2024-08-07 08:49:22,BTCUSDT,ask,57000,633.39
2024-08-07 08:49:22,BTCUSDT,ask,57000,633.39
2024-08-07 08:49:22,BTCUSDT,ask,57000,633.39
2024-08-07 08:49:27,BTCUSDT,ask,57000,633.49
2024-08-07 08:49:27,BTCUSDT,ask,57000,633.49
2024-08-07 08:49:27,BTCUSDT,ask,57000,633.49
2024-08-07 08:49:28,BTCUSDT,ask,57000,633.709
2024-08-07 08:49:28,BTCUSDT,ask,57000,633.709
2024-08-07 08:49:28,BTCUSDT,ask,57000,633.709
2024-08-07 08:49:32,BTCUSDT,ask,57000,633.624
2024-08-07 08:49:32,BTCUSDT,ask,57000,633.624
2024-08-07 08:49:32,BTCUSDT,ask,57000,633.624
2024-08-07 08:49:34,BTCUSDT,ask,57000,634.208
2024-08-07 08:49:34,BTCUSDT,ask,57000,634.208
2024-08-07 08:49:34,BTCUSDT,ask,57000,634.208
2024-08-07 08:49:45,BTCUSDT,ask,57000,634.308
2024-08-07 08:49:45,BTCUSDT,ask,57000,634.308
2024-08-07 08:49:45,BTCUSDT,ask,57000,634.308
2024-08-07 08:49:46,BTCUSDT,ask,57000,634.208
2024-08-07 08:49:46,BTCUSDT,ask,57000,634.208
2024-08-07 08:49:46,BTCUSDT,ask,57000,634.208
2024-08-07 08:49:47,BTCUSDT,ask,57200,546.778
2024-08-07 08:49:47,BTCUSDT,ask,57200,546.778
2024-08-07 08:49:48,BTCUSDT,ask,57200,546.778
2024-08-07 08:49:50,BTCUSDT,ask,57000,634.264
2024-08-07 08:49:50,BTCUSDT,ask,57000,634.264
2024-08-07 08:49:50,BTCUSDT,ask,57000,634.264
2024-08-07 08:49:53,BTCUSDT,ask,57000,634.245
2024-08-07 08:49:53,BTCUSDT,ask,57000,634.245
2024-08-07 08:49:53,BTCUSDT,ask,57000,634.245
2024-08-07 08:49:55,BTCUSDT,ask,57200,546.939
2024-08-07 08:49:55,BTCUSDT,ask,57200,546.939
2024-08-07 08:49:55,BTCUSDT,ask,57200,546.939
2024-08-07 08:49:59,BTCUSDT,ask,57000,635.915
2024-08-07 08:49:59,BTCUSDT,ask,57000,635.915
2024-08-07 08:49:59,BTCUSDT,ask,57000,635.915
2024-08-07 08:50:04,BTCUSDT,ask,57100,529.305
2024-08-07 08:50:04,BTCUSDT,ask,57100,529.305
2024-08-07 08:50:04,BTCUSDT,ask,57100,529.305
2024-08-07 08:50:06,BTCUSDT,ask,57200,545.59
2024-08-07 08:50:06,BTCUSDT,ask,57200,545.59
2024-08-07 08:50:06,BTCUSDT,ask,57200,545.59
2024-08-07 08:50:10,BTCUSDT,ask,57000,635.843
2024-08-07 08:50:10,BTCUSDT,ask,57000,635.843
2024-08-07 08:50:10,BTCUSDT,ask,57000,635.843
2024-08-07 08:50:11,BTCUSDT,ask,57200,545.59
2024-08-07 08:50:11,BTCUSDT,ask,57200,545.59
2024-08-07 08:50:11,BTCUSDT,ask,57200,545.59
2024-08-07 08:50:16,BTCUSDT,ask,57000,635.921
2024-08-07 08:50:16,BTCUSDT,ask,57000,635.921
2024-08-07 08:50:16,BTCUSDT,ask,57000,635.921
2024-08-07 08:50:16,BTCUSDT,ask,57100,529.316
2024-08-07 08:50:16,BTCUSDT,ask,57100,529.316
2024-08-07 08:50:16,BTCUSDT,ask,57100,529.316
2024-08-07 08:50:18,BTCUSDT,ask,57000,636.021
2024-08-07 08:50:18,BTCUSDT,ask,57000,636.021
2024-08-07 08:50:18,BTCUSDT,ask,57000,636.021
2024-08-07 08:50:18,BTCUSDT,ask,57000,636.033
2024-08-07 08:50:18,BTCUSDT,ask,57000,636.033
2024-08-07 08:50:18,BTCUSDT,ask,57000,636.033
2024-08-07 08:50:18,BTCUSDT,ask,57000,635.933
2024-08-07 08:50:18,BTCUSDT,ask,57000,635.933
2024-08-07 08:50:18,BTCUSDT,ask,57000,635.933
2024-08-07 08:50:19,BTCUSDT,ask,57000,635.633
2024-08-07 08:50:19,BTCUSDT,ask,57000,635.633
2024-08-07 08:50:19,BTCUSDT,ask,57000,635.633
2024-08-07 08:50:19,BTCUSDT,bid,47300,808.889
2024-08-07 08:50:19,BTCUSDT,bid,47300,808.889
2024-08-07 08:50:19,BTCUSDT,bid,47300,808.889
2024-08-07 08:50:19,BTCUSDT,ask,57000,635.594
2024-08-07 08:50:19,BTCUSDT,ask,57000,635.594
2024-08-07 08:50:19,BTCUSDT,ask,57000,635.594
2024-08-07 08:50:20,BTCUSDT,ask,57000,635.594
2024-08-07 08:50:20,BTCUSDT,ask,57000,635.594
2024-08-07 08:50:20,BTCUSDT,ask,57000,635.594
2024-08-07 08:50:22,BTCUSDT,ask,57000,638.186
2024-08-07 08:50:22,BTCUSDT,ask,57000,638.186
2024-08-07 08:50:22,BTCUSDT,ask,57000,638.186
2024-08-07 08:50:23,BTCUSDT,ask,57000,635.592
2024-08-07 08:50:23,BTCUSDT,ask,57000,635.592
2024-08-07 08:50:23,BTCUSDT,ask,57000,635.592
2024-08-07 08:50:24,BTCUSDT,ask,57200,545.621
2024-08-07 08:50:24,BTCUSDT,ask,57200,545.621
2024-08-07 08:50:24,BTCUSDT,ask,57200,545.621
2024-08-07 08:50:29,BTCUSDT,ask,57200,545.631
2024-08-07 08:50:29,BTCUSDT,ask,57200,545.631
2024-08-07 08:50:29,BTCUSDT,ask,57200,545.631
2024-08-07 08:50:29,BTCUSDT,ask,57200,545.674
2024-08-07 08:50:29,BTCUSDT,ask,57200,545.674
2024-08-07 08:50:29,BTCUSDT,ask,57200,545.674
2024-08-07 08:50:30,BTCUSDT,ask,57100,529.065
2024-08-07 08:50:30,BTCUSDT,ask,57100,529.065
2024-08-07 08:50:30,BTCUSDT,ask,57100,529.065
2024-08-07 08:50:30,BTCUSDT,ask,57100,529.041
2024-08-07 08:50:30,BTCUSDT,ask,57100,529.041
2024-08-07 08:50:30,BTCUSDT,ask,57100,529.041
2024-08-07 08:50:40,BTCUSDT,ask,57000,635.683
2024-08-07 08:50:40,BTCUSDT,ask,57000,635.683
2024-08-07 08:50:40,BTCUSDT,ask,57000,635.683
2024-08-07 08:50:41,BTCUSDT,ask,57000,635.681
2024-08-07 08:50:41,BTCUSDT,ask,57000,635.681
2024-08-07 08:50:41,BTCUSDT,ask,57000,635.681
2024-08-07 08:50:42,BTCUSDT,ask,57000,635.675
2024-08-07 08:50:42,BTCUSDT,ask,57000,635.675
2024-08-07 08:50:42,BTCUSDT,ask,57000,635.675
2024-08-07 08:50:46,BTCUSDT,ask,57000,635.684
2024-08-07 08:50:46,BTCUSDT,ask,57000,635.684
2024-08-07 08:50:46,BTCUSDT,ask,57000,635.684
2024-08-07 08:50:51,BTCUSDT,ask,57000,635.734
2024-08-07 08:50:51,BTCUSDT,ask,57000,635.734
2024-08-07 08:50:51,BTCUSDT,ask,57000,635.734
2024-08-07 08:50:52,BTCUSDT,ask,57200,545.459
2024-08-07 08:50:52,BTCUSDT,ask,57200,545.459
2024-08-07 08:50:52,BTCUSDT,ask,57200,545.459
2024-08-07 08:50:53,BTCUSDT,ask,57000,635.839
2024-08-07 08:50:53,BTCUSDT,ask,57000,635.839
2024-08-07 08:50:54,BTCUSDT,ask,57000,635.839
2024-08-07 08:50:55,BTCUSDT,ask,57100,530.008
2024-08-07 08:50:55,BTCUSDT,ask,57100,530.008
2024-08-07 08:50:55,BTCUSDT,ask,57100,530.008
2024-08-07 08:50:56,BTCUSDT,ask,57000,635.779
2024-08-07 08:50:56,BTCUSDT,ask,57000,635.779
2024-08-07 08:50:56,BTCUSDT,ask,57000,635.779
2024-08-07 08:51:00,BTCUSDT,ask,57000,636.38
2024-08-07 08:51:00,BTCUSDT,ask,57000,636.38
2024-08-07 08:51:00,BTCUSDT,ask,57000,636.38
2024-08-07 08:51:01,BTCUSDT,ask,57200,545.461
2024-08-07 08:51:01,BTCUSDT,ask,57200,545.461
2024-08-07 08:51:02,BTCUSDT,ask,57200,545.461
2024-08-07 08:51:05,BTCUSDT,ask,57000,636.371
2024-08-07 08:51:05,BTCUSDT,ask,57000,636.371
2024-08-07 08:51:05,BTCUSDT,ask,57000,636.371
2024-08-07 08:51:06,BTCUSDT,ask,57000,636.029
2024-08-07 08:51:06,BTCUSDT,ask,57000,636.029
2024-08-07 08:51:06,BTCUSDT,ask,57000,636.029
2024-08-07 08:51:10,BTCUSDT,ask,57000,636.065
2024-08-07 08:51:10,BTCUSDT,ask,57000,636.065
2024-08-07 08:51:10,BTCUSDT,ask,57000,636.065
2024-08-07 08:51:14,BTCUSDT,ask,57100,529.219
2024-08-07 08:51:14,BTCUSDT,ask,57100,529.219
2024-08-07 08:51:14,BTCUSDT,ask,57100,529.219
2024-08-07 08:51:28,BTCUSDT,ask,57000,636.083
2024-08-07 08:51:28,BTCUSDT,ask,57000,636.083
2024-08-07 08:51:28,BTCUSDT,ask,57000,636.083
2024-08-07 08:51:31,BTCUSDT,ask,57000,636.08
2024-08-07 08:51:31,BTCUSDT,ask,57000,636.08
2024-08-07 08:51:31,BTCUSDT,ask,57000,636.08
2024-08-07 08:51:34,BTCUSDT,ask,57000,636.112
2024-08-07 08:51:34,BTCUSDT,ask,57000,636.112
2024-08-07 08:51:34,BTCUSDT,ask,57000,636.112
2024-08-07 08:51:36,BTCUSDT,ask,57100,529.095
2024-08-07 08:51:36,BTCUSDT,ask,57100,529.095
2024-08-07 08:51:36,BTCUSDT,ask,57100,529.095
2024-08-07 08:51:40,BTCUSDT,ask,57000,636.491
2024-08-07 08:51:40,BTCUSDT,ask,57000,636.491
2024-08-07 08:51:40,BTCUSDT,ask,57000,636.491
2024-08-07 08:51:43,BTCUSDT,ask,57000,636.486
2024-08-07 08:51:43,BTCUSDT,ask,57000,636.486
2024-08-07 08:51:43,BTCUSDT,ask,57000,636.486
2024-08-07 08:51:44,BTCUSDT,ask,57200,545.925
2024-08-07 08:51:44,BTCUSDT,ask,57200,545.925
2024-08-07 08:51:44,BTCUSDT,ask,57200,545.925
2024-08-07 08:51:49,BTCUSDT,ask,57000,636.491
2024-08-07 08:51:49,BTCUSDT,ask,57000,636.491
2024-08-07 08:51:49,BTCUSDT,ask,57000,636.491
2024-08-07 08:51:50,BTCUSDT,ask,57100,529.157
2024-08-07 08:51:50,BTCUSDT,ask,57100,529.157
2024-08-07 08:51:50,BTCUSDT,ask,57100,529.157
2024-08-07 08:51:54,BTCUSDT,ask,57200,546.425
2024-08-07 08:51:54,BTCUSDT,ask,57200,546.425
2024-08-07 08:51:54,BTCUSDT,ask,57200,546.425
2024-08-07 08:51:57,BTCUSDT,ask,57000,636.663
2024-08-07 08:51:57,BTCUSDT,ask,57000,636.663
2024-08-07 08:51:57,BTCUSDT,ask,57000,636.663
2024-08-07 08:51:59,BTCUSDT,ask,57100,529.276
2024-08-07 08:51:59,BTCUSDT,ask,57100,529.276
2024-08-07 08:51:59,BTCUSDT,ask,57100,529.276
2024-08-07 08:52:07,BTCUSDT,ask,57000,634.176
2024-08-07 08:52:07,BTCUSDT,ask,57000,634.176
2024-08-07 08:52:08,BTCUSDT,ask,57000,634.176
2024-08-07 08:52:11,BTCUSDT,ask,57000,634.184
2024-08-07 08:52:11,BTCUSDT,ask,57000,634.184
2024-08-07 08:52:11,BTCUSDT,ask,57000,634.184
2024-08-07 08:52:11,BTCUSDT,ask,57000,634.188
2024-08-07 08:52:11,BTCUSDT,ask,57000,634.188
2024-08-07 08:52:12,BTCUSDT,ask,57000,634.188
2024-08-07 08:52:20,BTCUSDT,ask,57000,634.196
2024-08-07 08:52:20,BTCUSDT,ask,57000,634.196
2024-08-07 08:52:20,BTCUSDT,ask,57000,634.196
2024-08-07 08:52:21,BTCUSDT,ask,57000,634.194
2024-08-07 08:52:21,BTCUSDT,ask,57000,634.194
2024-08-07 08:52:21,BTCUSDT,ask,57000,634.194
2024-08-07 08:52:21,BTCUSDT,ask,57100,529.309
2024-08-07 08:52:21,BTCUSDT,ask,57100,529.309
2024-08-07 08:52:21,BTCUSDT,ask,57100,529.309
2024-08-07 08:52:31,BTCUSDT,ask,57000,634.779
2024-08-07 08:52:31,BTCUSDT,ask,57000,634.779
2024-08-07 08:52:31,BTCUSDT,ask,57000,634.779
2024-08-07 08:52:32,BTCUSDT,ask,57100,529.466
2024-08-07 08:52:32,BTCUSDT,ask,57100,529.466
2024-08-07 08:52:32,BTCUSDT,ask,57100,529.466
2024-08-07 08:52:32,BTCUSDT,ask,57000,634.787
2024-08-07 08:52:32,BTCUSDT,ask,57000,634.787
2024-08-07 08:52:32,BTCUSDT,ask,57000,634.787
2024-08-07 08:52:34,BTCUSDT,ask,57000,634.887
2024-08-07 08:52:34,BTCUSDT,ask,57000,634.887
2024-08-07 08:52:34,BTCUSDT,ask,57000,634.887
2024-08-07 08:52:34,BTCUSDT,ask,57000,634.787
2024-08-07 08:52:34,BTCUSDT,ask,57000,634.787
2024-08-07 08:52:34,BTCUSDT,ask,57000,634.787
2024-08-07 08:52:39,BTCUSDT,ask,57000,635.312
2024-08-07 08:52:39,BTCUSDT,ask,57000,635.312
2024-08-07 08:52:39,BTCUSDT,ask,57000,635.312
2024-08-07 08:52:40,BTCUSDT,ask,57200,546.44
2024-08-07 08:52:40,BTCUSDT,ask,57200,546.44
2024-08-07 08:52:41,BTCUSDT,ask,57200,546.44
2024-08-07 08:52:46,BTCUSDT,ask,57000,635.865
2024-08-07 08:52:46,BTCUSDT,ask,57000,635.865
2024-08-07 08:52:46,BTCUSDT,ask,57000,635.865
2024-08-07 08:52:55,BTCUSDT,ask,57000,635.401
2024-08-07 08:52:55,BTCUSDT,ask,57000,635.401
2024-08-07 08:52:55,BTCUSDT,ask,57000,635.401
2024-08-07 08:52:58,BTCUSDT,ask,57000,635.405
2024-08-07 08:52:58,BTCUSDT,ask,57000,635.405
2024-08-07 08:52:58,BTCUSDT,ask,57000,635.405
2024-08-07 08:52:59,BTCUSDT,ask,57000,635.407
2024-08-07 08:52:59,BTCUSDT,ask,57000,635.407
2024-08-07 08:52:59,BTCUSDT,ask,57000,635.407
2024-08-07 08:52:59,BTCUSDT,ask,57200,546.505
2024-08-07 08:52:59,BTCUSDT,ask,57200,546.505
2024-08-07 08:52:59,BTCUSDT,ask,57200,546.505
2024-08-07 08:53:00,BTCUSDT,ask,57100,532.617
2024-08-07 08:53:00,BTCUSDT,ask,57100,532.617
2024-08-07 08:53:00,BTCUSDT,ask,57100,532.617
2024-08-07 08:53:04,BTCUSDT,ask,57200,546.548
2024-08-07 08:53:04,BTCUSDT,ask,57200,546.548
2024-08-07 08:53:04,BTCUSDT,ask,57200,546.548
2024-08-07 08:53:05,BTCUSDT,ask,57000,635.176
2024-08-07 08:53:05,BTCUSDT,ask,57000,635.176
2024-08-07 08:53:05,BTCUSDT,ask,57000,635.176
2024-08-07 08:53:07,BTCUSDT,ask,57100,532.619
2024-08-07 08:53:07,BTCUSDT,ask,57100,532.619
2024-08-07 08:53:07,BTCUSDT,ask,57100,532.619
2024-08-07 08:53:08,BTCUSDT,ask,57000,635.178
2024-08-07 08:53:08,BTCUSDT,ask,57000,635.178
2024-08-07 08:53:08,BTCUSDT,ask,57000,635.178
2024-08-07 08:53:08,BTCUSDT,ask,57000,635.186
2024-08-07 08:53:08,BTCUSDT,ask,57000,635.186
2024-08-07 08:53:08,BTCUSDT,ask,57000,635.186
2024-08-07 08:53:10,BTCUSDT,ask,57200,546.552
2024-08-07 08:53:10,BTCUSDT,ask,57200,546.552
2024-08-07 08:53:10,BTCUSDT,ask,57200,546.552
2024-08-07 08:53:11,BTCUSDT,ask,57000,634.911
2024-08-07 08:53:11,BTCUSDT,ask,57000,634.911
2024-08-07 08:53:12,BTCUSDT,ask,57000,634.917
2024-08-07 08:53:12,BTCUSDT,ask,57000,634.917
2024-08-07 08:53:12,BTCUSDT,ask,57000,634.911
2024-08-07 08:53:12,BTCUSDT,ask,57000,634.917
2024-08-07 08:53:12,BTCUSDT,ask,57200,546.554
2024-08-07 08:53:12,BTCUSDT,ask,57200,546.554
2024-08-07 08:53:12,BTCUSDT,ask,57200,546.554
2024-08-07 08:53:15,BTCUSDT,ask,57200,546.556
2024-08-07 08:53:15,BTCUSDT,ask,57200,546.556
2024-08-07 08:53:15,BTCUSDT,ask,57200,546.556
2024-08-07 08:53:16,BTCUSDT,ask,57100,532.706
2024-08-07 08:53:16,BTCUSDT,ask,57100,532.706
2024-08-07 08:53:16,BTCUSDT,ask,57100,532.706
2024-08-07 08:53:16,BTCUSDT,ask,57200,546.549
2024-08-07 08:53:16,BTCUSDT,ask,57200,546.549
2024-08-07 08:53:17,BTCUSDT,ask,57200,546.549
2024-08-07 08:53:21,BTCUSDT,ask,57200,546.458
2024-08-07 08:53:21,BTCUSDT,ask,57200,546.458
2024-08-07 08:53:21,BTCUSDT,ask,57200,546.458
2024-08-07 08:53:22,BTCUSDT,bid,47000,877.986
2024-08-07 08:53:22,BTCUSDT,ask,57100,533.006
2024-08-07 08:53:22,BTCUSDT,bid,47000,877.986
2024-08-07 08:53:22,BTCUSDT,ask,57100,533.006
2024-08-07 08:53:22,BTCUSDT,bid,47000,877.986
2024-08-07 08:53:22,BTCUSDT,ask,57100,533.006
2024-08-07 08:53:26,BTCUSDT,ask,57000,636.317
2024-08-07 08:53:26,BTCUSDT,ask,57000,636.317
2024-08-07 08:53:26,BTCUSDT,ask,57000,636.317
2024-08-07 08:53:26,BTCUSDT,ask,57200,546.468
2024-08-07 08:53:26,BTCUSDT,ask,57200,546.468
2024-08-07 08:53:26,BTCUSDT,ask,57200,546.468
2024-08-07 08:53:27,BTCUSDT,ask,57200,546.082
2024-08-07 08:53:27,BTCUSDT,ask,57200,546.082
2024-08-07 08:53:27,BTCUSDT,ask,57200,546.082
2024-08-07 08:53:29,BTCUSDT,ask,57200,546.044
2024-08-07 08:53:29,BTCUSDT,ask,57200,546.044
2024-08-07 08:53:29,BTCUSDT,ask,57200,546.044
2024-08-07 08:53:35,BTCUSDT,ask,57000,636.317
2024-08-07 08:53:35,BTCUSDT,ask,57000,636.317
2024-08-07 08:53:35,BTCUSDT,ask,57000,636.317
2024-08-07 08:53:37,BTCUSDT,ask,57000,636.367
2024-08-07 08:53:37,BTCUSDT,ask,57000,636.367
2024-08-07 08:53:37,BTCUSDT,ask,57000,636.367
2024-08-07 08:53:38,BTCUSDT,ask,57200,546.078
2024-08-07 08:53:38,BTCUSDT,ask,57200,546.078
2024-08-07 08:53:38,BTCUSDT,ask,57200,546.078
2024-08-07 08:53:46,BTCUSDT,ask,57200,546.076
2024-08-07 08:53:46,BTCUSDT,ask,57200,546.076
2024-08-07 08:53:46,BTCUSDT,ask,57200,546.076
2024-08-07 08:53:48,BTCUSDT,ask,57100,533.118
2024-08-07 08:53:48,BTCUSDT,ask,57100,533.118
2024-08-07 08:53:48,BTCUSDT,ask,57100,533.118
2024-08-07 08:53:48,BTCUSDT,ask,57000,636.379
2024-08-07 08:53:48,BTCUSDT,ask,57000,636.379
2024-08-07 08:53:48,BTCUSDT,ask,57000,636.379
2024-08-07 08:53:50,BTCUSDT,ask,57100,533.12
2024-08-07 08:53:50,BTCUSDT,ask,57200,546.074
2024-08-07 08:53:50,BTCUSDT,ask,57100,533.12
2024-08-07 08:53:50,BTCUSDT,ask,57200,546.074
2024-08-07 08:53:50,BTCUSDT,ask,57100,533.12
2024-08-07 08:53:50,BTCUSDT,ask,57200,546.074
2024-08-07 08:53:50,BTCUSDT,ask,57000,636.384
2024-08-07 08:53:50,BTCUSDT,ask,57000,636.384
2024-08-07 08:53:51,BTCUSDT,ask,57000,636.384
2024-08-07 08:53:51,BTCUSDT,ask,57000,636.471
2024-08-07 08:53:51,BTCUSDT,ask,57000,636.471
2024-08-07 08:53:51,BTCUSDT,ask,57000,636.471
2024-08-07 08:53:51,BTCUSDT,ask,57200,546.085
2024-08-07 08:53:51,BTCUSDT,ask,57200,546.085
2024-08-07 08:53:51,BTCUSDT,ask,57200,546.085
2024-08-07 08:54:00,BTCUSDT,ask,57000,636.593
2024-08-07 08:54:00,BTCUSDT,ask,57000,636.593
2024-08-07 08:54:00,BTCUSDT,ask,57000,636.593
2024-08-07 08:54:04,BTCUSDT,ask,57000,636.59
2024-08-07 08:54:04,BTCUSDT,ask,57000,636.59
2024-08-07 08:54:04,BTCUSDT,ask,57000,636.59
2024-08-07 08:54:09,BTCUSDT,ask,57100,533.126
2024-08-07 08:54:09,BTCUSDT,ask,57100,533.126
2024-08-07 08:54:09,BTCUSDT,ask,57100,533.126
2024-08-07 08:54:10,BTCUSDT,ask,57000,636.04
2024-08-07 08:54:10,BTCUSDT,ask,57000,636.04
2024-08-07 08:54:10,BTCUSDT,ask,57000,636.04
2024-08-07 08:54:14,BTCUSDT,ask,57000,635.913
2024-08-07 08:54:14,BTCUSDT,ask,57000,635.913
2024-08-07 08:54:14,BTCUSDT,ask,57000,635.913
2024-08-07 08:54:16,BTCUSDT,ask,57000,635.944
2024-08-07 08:54:16,BTCUSDT,ask,57000,635.944
2024-08-07 08:54:16,BTCUSDT,ask,57000,635.944
2024-08-07 08:54:20,BTCUSDT,ask,57000,635.844
2024-08-07 08:54:20,BTCUSDT,ask,57100,533.021
2024-08-07 08:54:20,BTCUSDT,ask,57000,635.844
2024-08-07 08:54:20,BTCUSDT,ask,57100,533.021
2024-08-07 08:54:20,BTCUSDT,ask,57000,635.844
2024-08-07 08:54:20,BTCUSDT,ask,57100,533.021
2024-08-07 08:54:21,BTCUSDT,ask,57000,635.865
2024-08-07 08:54:21,BTCUSDT,ask,57000,635.865
2024-08-07 08:54:21,BTCUSDT,ask,57000,635.865
2024-08-07 08:54:22,BTCUSDT,ask,57100,532.699
2024-08-07 08:54:22,BTCUSDT,ask,57100,532.699
2024-08-07 08:54:22,BTCUSDT,ask,57100,532.699
2024-08-07 08:54:22,BTCUSDT,ask,57200,540.99
2024-08-07 08:54:22,BTCUSDT,ask,57200,540.99
2024-08-07 08:54:22,BTCUSDT,ask,57200,540.99
2024-08-07 08:54:22,BTCUSDT,ask,57000,635.765
2024-08-07 08:54:22,BTCUSDT,ask,57000,635.765
2024-08-07 08:54:22,BTCUSDT,ask,57000,635.765
2024-08-07 08:54:23,BTCUSDT,ask,57000,636.054
2024-08-07 08:54:23,BTCUSDT,ask,57000,636.054
2024-08-07 08:54:23,BTCUSDT,ask,57000,636.054
2024-08-07 08:54:30,BTCUSDT,ask,57000,635.875
2024-08-07 08:54:30,BTCUSDT,ask,57000,635.875
2024-08-07 08:54:30,BTCUSDT,ask,57000,635.875
2024-08-07 08:54:30,BTCUSDT,ask,57100,531.546
2024-08-07 08:54:30,BTCUSDT,ask,57100,531.546
2024-08-07 08:54:30,BTCUSDT,ask,57100,531.546
2024-08-07 08:54:30,BTCUSDT,ask,57000,635.903
2024-08-07 08:54:30,BTCUSDT,ask,57000,635.903
2024-08-07 08:54:30,BTCUSDT,ask,57000,635.903
2024-08-07 08:54:31,BTCUSDT,ask,57200,541.006
2024-08-07 08:54:31,BTCUSDT,ask,57200,541.006
2024-08-07 08:54:31,BTCUSDT,ask,57200,541.006
2024-08-07 08:54:31,BTCUSDT,ask,57000,635.993
2024-08-07 08:54:31,BTCUSDT,ask,57000,635.993
2024-08-07 08:54:31,BTCUSDT,ask,57000,635.993
2024-08-07 08:54:31,BTCUSDT,ask,57100,531.561
2024-08-07 08:54:31,BTCUSDT,ask,57100,531.561
2024-08-07 08:54:31,BTCUSDT,ask,57100,531.561
2024-08-07 08:54:32,BTCUSDT,ask,57200,541.013
2024-08-07 08:54:32,BTCUSDT,ask,57200,541.013
2024-08-07 08:54:32,BTCUSDT,ask,57200,541.013
2024-08-07 08:54:35,BTCUSDT,ask,57000,635.77
2024-08-07 08:54:35,BTCUSDT,ask,57000,635.77
2024-08-07 08:54:35,BTCUSDT,ask,57000,635.77
2024-08-07 08:54:35,BTCUSDT,ask,57000,635.806
2024-08-07 08:54:35,BTCUSDT,ask,57000,635.806
2024-08-07 08:54:35,BTCUSDT,ask,57000,635.806
2024-08-07 08:54:38,BTCUSDT,ask,57000,635.174
2024-08-07 08:54:38,BTCUSDT,ask,57000,635.174
2024-08-07 08:54:38,BTCUSDT,ask,57000,635.174
2024-08-07 08:54:40,BTCUSDT,ask,57100,531.567
2024-08-07 08:54:40,BTCUSDT,ask,57100,531.567
2024-08-07 08:54:40,BTCUSDT,ask,57100,531.567
2024-08-07 08:54:41,BTCUSDT,ask,57100,531.682
2024-08-07 08:54:41,BTCUSDT,ask,57100,531.682
2024-08-07 08:54:41,BTCUSDT,ask,57100,531.682
2024-08-07 08:54:41,BTCUSDT,ask,57000,635.189
2024-08-07 08:54:41,BTCUSDT,ask,57000,635.189
2024-08-07 08:54:41,BTCUSDT,ask,57000,635.189
2024-08-07 08:54:45,BTCUSDT,ask,57000,634.275
2024-08-07 08:54:45,BTCUSDT,ask,57000,634.275
2024-08-07 08:54:45,BTCUSDT,ask,57000,634.275
2024-08-07 08:54:45,BTCUSDT,ask,57100,532.557
2024-08-07 08:54:45,BTCUSDT,ask,57100,532.557
2024-08-07 08:54:45,BTCUSDT,ask,57100,532.557
2024-08-07 08:54:46,BTCUSDT,ask,57000,634.281
2024-08-07 08:54:46,BTCUSDT,ask,57000,634.281
2024-08-07 08:54:46,BTCUSDT,ask,57000,634.278
2024-08-07 08:54:46,BTCUSDT,ask,57000,634.278
2024-08-07 08:54:46,BTCUSDT,ask,57000,634.281
2024-08-07 08:54:46,BTCUSDT,ask,57000,634.278
2024-08-07 08:54:47,BTCUSDT,ask,57100,532.605
2024-08-07 08:54:47,BTCUSDT,ask,57100,532.605
2024-08-07 08:54:47,BTCUSDT,ask,57100,532.605
2024-08-07 08:54:48,BTCUSDT,ask,57000,634.28
2024-08-07 08:54:48,BTCUSDT,ask,57000,634.28
2024-08-07 08:54:49,BTCUSDT,ask,57000,634.28
2024-08-07 08:54:49,BTCUSDT,ask,57200,540.587
2024-08-07 08:54:49,BTCUSDT,ask,57200,540.587
2024-08-07 08:54:49,BTCUSDT,ask,57200,540.587
2024-08-07 08:54:52,BTCUSDT,ask,57000,634.282
2024-08-07 08:54:52,BTCUSDT,ask,57000,634.282
2024-08-07 08:54:52,BTCUSDT,ask,57000,634.282
2024-08-07 08:54:53,BTCUSDT,ask,57000,634.482
2024-08-07 08:54:53,BTCUSDT,ask,57000,634.482
2024-08-07 08:54:53,BTCUSDT,ask,57000,634.482
2024-08-07 08:54:55,BTCUSDT,ask,57000,634.86
2024-08-07 08:54:55,BTCUSDT,ask,57000,634.86
2024-08-07 08:54:55,BTCUSDT,ask,57000,634.86
2024-08-07 08:54:57,BTCUSDT,ask,57000,634.886
2024-08-07 08:54:57,BTCUSDT,ask,57000,634.886
2024-08-07 08:54:57,BTCUSDT,ask,57000,634.886
2024-08-07 08:55:01,BTCUSDT,ask,57000,635.0
2024-08-07 08:55:01,BTCUSDT,ask,57000,635.0
2024-08-07 08:55:01,BTCUSDT,ask,57000,635.0
2024-08-07 08:55:03,BTCUSDT,ask,57000,635.077
2024-08-07 08:55:03,BTCUSDT,ask,57000,635.077
2024-08-07 08:55:03,BTCUSDT,ask,57000,635.077
2024-08-07 08:55:03,BTCUSDT,ask,57000,635.103
2024-08-07 08:55:03,BTCUSDT,ask,57000,635.103
2024-08-07 08:55:04,BTCUSDT,ask,57000,635.103
2024-08-07 08:55:06,BTCUSDT,ask,57200,540.513
2024-08-07 08:55:06,BTCUSDT,ask,57200,540.513
2024-08-07 08:55:06,BTCUSDT,ask,57200,540.513
2024-08-07 08:55:08,BTCUSDT,ask,57100,532.712
2024-08-07 08:55:09,BTCUSDT,ask,57100,532.712
2024-08-07 08:55:09,BTCUSDT,ask,57100,532.712
2024-08-07 08:55:11,BTCUSDT,ask,57200,541.002
2024-08-07 08:55:11,BTCUSDT,ask,57200,541.002
2024-08-07 08:55:11,BTCUSDT,ask,57200,541.002
2024-08-07 08:55:13,BTCUSDT,ask,57100,532.759
2024-08-07 08:55:13,BTCUSDT,ask,57100,532.759
2024-08-07 08:55:13,BTCUSDT,ask,57100,532.759
2024-08-07 08:55:13,BTCUSDT,ask,57200,541.004
2024-08-07 08:55:13,BTCUSDT,ask,57200,541.004
2024-08-07 08:55:13,BTCUSDT,ask,57200,541.004
2024-08-07 08:55:23,BTCUSDT,ask,57100,533.757
2024-08-07 08:55:23,BTCUSDT,ask,57100,533.757
2024-08-07 08:55:23,BTCUSDT,ask,57100,533.757
2024-08-07 08:55:26,BTCUSDT,ask,57200,540.837
2024-08-07 08:55:26,BTCUSDT,ask,57200,540.837
2024-08-07 08:55:26,BTCUSDT,ask,57200,540.837
2024-08-07 08:55:28,BTCUSDT,ask,57200,540.843
2024-08-07 08:55:28,BTCUSDT,ask,57200,540.843
2024-08-07 08:55:28,BTCUSDT,ask,57200,540.843
2024-08-07 08:55:39,BTCUSDT,ask,57100,532.689
2024-08-07 08:55:39,BTCUSDT,ask,57100,532.689
2024-08-07 08:55:39,BTCUSDT,ask,57100,532.689
2024-08-07 08:55:41,BTCUSDT,ask,57200,542.822
2024-08-07 08:55:41,BTCUSDT,ask,57200,542.822
2024-08-07 08:55:41,BTCUSDT,ask,57200,542.822
2024-08-07 08:55:42,BTCUSDT,ask,57200,542.842
2024-08-07 08:55:42,BTCUSDT,ask,57200,542.842
2024-08-07 08:55:42,BTCUSDT,ask,57200,542.842
2024-08-07 08:55:52,BTCUSDT,ask,57100,532.71
2024-08-07 08:55:52,BTCUSDT,ask,57100,532.71
2024-08-07 08:55:52,BTCUSDT,ask,57100,532.71
2024-08-07 08:55:53,BTCUSDT,ask,57200,542.942
2024-08-07 08:55:53,BTCUSDT,ask,57200,542.942
2024-08-07 08:55:53,BTCUSDT,ask,57200,542.942
2024-08-07 08:55:57,BTCUSDT,ask,57100,532.569
2024-08-07 08:55:57,BTCUSDT,ask,57200,543.256
2024-08-07 08:55:57,BTCUSDT,ask,57100,532.569
2024-08-07 08:55:57,BTCUSDT,ask,57200,543.256
2024-08-07 08:55:57,BTCUSDT,ask,57100,532.569
2024-08-07 08:55:57,BTCUSDT,ask,57200,543.256
2024-08-07 08:56:00,BTCUSDT,ask,57200,543.168
2024-08-07 08:56:00,BTCUSDT,ask,57200,543.168
2024-08-07 08:56:00,BTCUSDT,ask,57200,543.168
2024-08-07 08:56:01,BTCUSDT,ask,57200,543.375
2024-08-07 08:56:01,BTCUSDT,ask,57200,543.375
2024-08-07 08:56:01,BTCUSDT,ask,57200,543.375
2024-08-07 08:56:02,BTCUSDT,ask,57200,543.397
2024-08-07 08:56:02,BTCUSDT,ask,57200,543.397
2024-08-07 08:56:02,BTCUSDT,ask,57200,543.397
2024-08-07 08:56:04,BTCUSDT,ask,57200,543.302
2024-08-07 08:56:04,BTCUSDT,ask,57200,543.302
2024-08-07 08:56:04,BTCUSDT,ask,57200,543.302
2024-08-07 08:56:06,BTCUSDT,ask,57100,532.571
2024-08-07 08:56:06,BTCUSDT,ask,57100,532.571
2024-08-07 08:56:06,BTCUSDT,ask,57100,532.571
2024-08-07 08:56:07,BTCUSDT,ask,57100,526.428
2024-08-07 08:56:07,BTCUSDT,ask,57100,526.428
2024-08-07 08:56:07,BTCUSDT,ask,57100,526.446
2024-08-07 08:56:07,BTCUSDT,ask,57100,526.446
2024-08-07 08:56:07,BTCUSDT,ask,57100,526.428
2024-08-07 08:56:07,BTCUSDT,ask,57100,526.446
2024-08-07 08:56:09,BTCUSDT,ask,57200,543.527
2024-08-07 08:56:09,BTCUSDT,ask,57200,543.527
2024-08-07 08:56:09,BTCUSDT,ask,57200,543.527
2024-08-07 08:56:11,BTCUSDT,ask,57100,526.565
2024-08-07 08:56:11,BTCUSDT,ask,57100,526.565
2024-08-07 08:56:11,BTCUSDT,ask,57200,543.529
2024-08-07 08:56:11,BTCUSDT,ask,57200,543.529
2024-08-07 08:56:11,BTCUSDT,ask,57100,526.565
2024-08-07 08:56:11,BTCUSDT,ask,57200,543.529
2024-08-07 08:56:14,BTCUSDT,ask,57100,526.38
2024-08-07 08:56:15,BTCUSDT,ask,57100,526.38
2024-08-07 08:56:15,BTCUSDT,ask,57100,526.389
2024-08-07 08:56:15,BTCUSDT,ask,57100,526.389
2024-08-07 08:56:15,BTCUSDT,ask,57100,526.38
2024-08-07 08:56:15,BTCUSDT,ask,57100,526.389
2024-08-07 08:56:18,BTCUSDT,ask,57100,526.393
2024-08-07 08:56:18,BTCUSDT,ask,57100,526.393
2024-08-07 08:56:18,BTCUSDT,ask,57100,526.393
2024-08-07 08:56:21,BTCUSDT,ask,57100,526.391
2024-08-07 08:56:21,BTCUSDT,ask,57100,526.391
2024-08-07 08:56:21,BTCUSDT,ask,57100,526.391
2024-08-07 08:56:25,BTCUSDT,ask,57100,527.329
2024-08-07 08:56:25,BTCUSDT,ask,57100,527.329
2024-08-07 08:56:25,BTCUSDT,ask,57100,527.329
2024-08-07 08:56:27,BTCUSDT,ask,57200,543.487
2024-08-07 08:56:27,BTCUSDT,ask,57200,543.487
2024-08-07 08:56:27,BTCUSDT,ask,57200,543.487
2024-08-07 08:56:36,BTCUSDT,ask,57100,527.393
2024-08-07 08:56:36,BTCUSDT,ask,57100,527.393
2024-08-07 08:56:36,BTCUSDT,ask,57100,527.393
2024-08-07 08:56:40,BTCUSDT,ask,57100,528.393
2024-08-07 08:56:40,BTCUSDT,ask,57100,528.393
2024-08-07 08:56:40,BTCUSDT,ask,57100,528.393
2024-08-07 08:56:43,BTCUSDT,ask,57100,528.397
2024-08-07 08:56:43,BTCUSDT,ask,57100,528.397
2024-08-07 08:56:43,BTCUSDT,ask,57100,528.397
2024-08-07 08:56:43,BTCUSDT,ask,57100,528.285
2024-08-07 08:56:43,BTCUSDT,ask,57100,528.285
2024-08-07 08:56:43,BTCUSDT,ask,57100,528.285
2024-08-07 08:56:45,BTCUSDT,ask,57100,528.303
2024-08-07 08:56:45,BTCUSDT,ask,57100,528.303
2024-08-07 08:56:45,BTCUSDT,ask,57100,528.303
2024-08-07 08:56:45,BTCUSDT,ask,57100,528.305
2024-08-07 08:56:45,BTCUSDT,ask,57100,528.305
2024-08-07 08:56:45,BTCUSDT,ask,57100,528.305
2024-08-07 08:56:46,BTCUSDT,ask,57200,543.497
2024-08-07 08:56:46,BTCUSDT,ask,57200,543.497
2024-08-07 08:56:47,BTCUSDT,ask,57200,543.497
2024-08-07 08:56:48,BTCUSDT,ask,57200,543.587
2024-08-07 08:56:48,BTCUSDT,ask,57200,543.587
2024-08-07 08:56:48,BTCUSDT,ask,57200,543.587
2024-08-07 08:56:49,BTCUSDT,ask,57100,528.524
2024-08-07 08:56:49,BTCUSDT,ask,57100,528.524
2024-08-07 08:56:49,BTCUSDT,ask,57100,528.524
2024-08-07 08:56:54,BTCUSDT,ask,57200,543.57
2024-08-07 08:56:54,BTCUSDT,ask,57200,543.57
2024-08-07 08:56:55,BTCUSDT,ask,57200,543.57
2024-08-07 08:56:56,BTCUSDT,ask,57100,528.547
2024-08-07 08:56:56,BTCUSDT,ask,57100,528.547
2024-08-07 08:56:56,BTCUSDT,ask,57100,528.547
2024-08-07 08:56:57,BTCUSDT,ask,57200,543.585
2024-08-07 08:56:57,BTCUSDT,ask,57200,543.585
2024-08-07 08:56:57,BTCUSDT,ask,57200,543.585
2024-08-07 08:56:59,BTCUSDT,ask,57200,543.781
2024-08-07 08:56:59,BTCUSDT,ask,57200,543.781
2024-08-07 08:57:00,BTCUSDT,ask,57200,543.781
2024-08-07 08:57:02,BTCUSDT,ask,57100,528.53
2024-08-07 08:57:02,BTCUSDT,ask,57100,528.53
2024-08-07 08:57:02,BTCUSDT,ask,57100,528.53
2024-08-07 08:57:07,BTCUSDT,ask,57200,544.922
2024-08-07 08:57:07,BTCUSDT,ask,57200,544.922
2024-08-07 08:57:07,BTCUSDT,ask,57200,544.922
2024-08-07 08:57:11,BTCUSDT,ask,57100,528.623
2024-08-07 08:57:11,BTCUSDT,ask,57100,528.623
2024-08-07 08:57:11,BTCUSDT,ask,57100,528.623
2024-08-07 08:57:15,BTCUSDT,ask,57100,528.637
2024-08-07 08:57:15,BTCUSDT,ask,57100,528.637
2024-08-07 08:57:15,BTCUSDT,ask,57100,528.637
2024-08-07 08:57:16,BTCUSDT,ask,57100,528.337
2024-08-07 08:57:16,BTCUSDT,ask,57100,528.337
2024-08-07 08:57:16,BTCUSDT,ask,57100,528.337
2024-08-07 08:57:20,BTCUSDT,ask,57100,528.339
2024-08-07 08:57:20,BTCUSDT,ask,57100,528.339
2024-08-07 08:57:20,BTCUSDT,ask,57100,528.339
2024-08-07 08:57:23,BTCUSDT,ask,57100,528.304
2024-08-07 08:57:23,BTCUSDT,ask,57100,528.304
2024-08-07 08:57:23,BTCUSDT,ask,57100,528.304
2024-08-07 08:57:28,BTCUSDT,ask,57100,528.278
2024-08-07 08:57:28,BTCUSDT,ask,57100,528.278
2024-08-07 08:57:29,BTCUSDT,ask,57100,528.278
2024-08-07 08:57:34,BTCUSDT,ask,57200,544.091
2024-08-07 08:57:34,BTCUSDT,ask,57200,544.091
2024-08-07 08:57:34,BTCUSDT,ask,57200,544.091
2024-08-07 08:57:34,BTCUSDT,ask,57100,528.431
2024-08-07 08:57:34,BTCUSDT,ask,57100,528.431
2024-08-07 08:57:34,BTCUSDT,ask,57100,528.431
2024-08-07 08:57:36,BTCUSDT,ask,57200,544.071
2024-08-07 08:57:36,BTCUSDT,ask,57200,544.071
2024-08-07 08:57:36,BTCUSDT,ask,57200,544.071
2024-08-07 08:57:37,BTCUSDT,ask,57200,544.121
2024-08-07 08:57:37,BTCUSDT,ask,57200,544.121
2024-08-07 08:57:37,BTCUSDT,ask,57200,544.121
2024-08-07 08:57:38,BTCUSDT,ask,57100,528.34
2024-08-07 08:57:38,BTCUSDT,ask,57100,528.34
2024-08-07 08:57:38,BTCUSDT,ask,57100,528.34
2024-08-07 08:57:38,BTCUSDT,ask,57100,528.305
2024-08-07 08:57:38,BTCUSDT,ask,57100,528.305
2024-08-07 08:57:38,BTCUSDT,ask,57100,528.305
2024-08-07 08:57:39,BTCUSDT,ask,57200,544.404
2024-08-07 08:57:39,BTCUSDT,ask,57200,544.404
2024-08-07 08:57:39,BTCUSDT,ask,57200,544.404
2024-08-07 08:57:41,BTCUSDT,ask,57100,530.406
2024-08-07 08:57:41,BTCUSDT,ask,57100,530.406
2024-08-07 08:57:41,BTCUSDT,ask,57100,530.406
2024-08-07 08:57:42,BTCUSDT,ask,57200,544.475
2024-08-07 08:57:42,BTCUSDT,ask,57200,544.475
2024-08-07 08:57:42,BTCUSDT,ask,57200,544.475
2024-08-07 08:57:44,BTCUSDT,ask,57200,544.667
2024-08-07 08:57:44,BTCUSDT,ask,57200,544.667
2024-08-07 08:57:44,BTCUSDT,ask,57200,544.667
2024-08-07 08:57:45,BTCUSDT,ask,57100,530.221
2024-08-07 08:57:45,BTCUSDT,ask,57100,530.221
2024-08-07 08:57:45,BTCUSDT,ask,57100,530.221
2024-08-07 08:57:46,BTCUSDT,ask,57100,530.223
2024-08-07 08:57:46,BTCUSDT,ask,57100,530.223
2024-08-07 08:57:46,BTCUSDT,ask,57100,530.223
2024-08-07 08:57:47,BTCUSDT,ask,57100,530.221
2024-08-07 08:57:47,BTCUSDT,ask,57100,530.221
2024-08-07 08:57:47,BTCUSDT,ask,57100,530.221
2024-08-07 08:57:47,BTCUSDT,ask,57100,530.228
2024-08-07 08:57:47,BTCUSDT,ask,57100,530.228
2024-08-07 08:57:47,BTCUSDT,ask,57100,530.228
2024-08-07 08:57:50,BTCUSDT,ask,57100,530.232
2024-08-07 08:57:50,BTCUSDT,ask,57100,530.232
2024-08-07 08:57:50,BTCUSDT,ask,57100,530.232
2024-08-07 08:57:51,BTCUSDT,ask,57100,530.257
2024-08-07 08:57:51,BTCUSDT,ask,57100,530.257
2024-08-07 08:57:51,BTCUSDT,ask,57100,530.257
2024-08-07 08:57:51,BTCUSDT,ask,57200,544.976
2024-08-07 08:57:51,BTCUSDT,ask,57200,544.976
2024-08-07 08:57:51,BTCUSDT,ask,57200,544.976
2024-08-07 08:57:52,BTCUSDT,ask,57200,550.865
2024-08-07 08:57:52,BTCUSDT,ask,57200,550.865
2024-08-07 08:57:52,BTCUSDT,ask,57200,550.865
2024-08-07 08:57:54,BTCUSDT,ask,57100,530.273
2024-08-07 08:57:54,BTCUSDT,ask,57100,530.273
2024-08-07 08:57:54,BTCUSDT,ask,57100,530.273
2024-08-07 08:57:55,BTCUSDT,ask,57200,550.999
2024-08-07 08:57:55,BTCUSDT,ask,57200,550.999
2024-08-07 08:57:55,BTCUSDT,ask,57200,550.999
2024-08-07 08:57:56,BTCUSDT,ask,57200,551.025
2024-08-07 08:57:56,BTCUSDT,ask,57200,551.025
2024-08-07 08:57:56,BTCUSDT,ask,57200,551.025
2024-08-07 08:57:56,BTCUSDT,ask,57100,530.323
2024-08-07 08:57:56,BTCUSDT,ask,57100,530.323
2024-08-07 08:57:56,BTCUSDT,ask,57100,530.323
2024-08-07 08:57:58,BTCUSDT,ask,57100,530.325
2024-08-07 08:57:58,BTCUSDT,ask,57100,530.325
2024-08-07 08:57:58,BTCUSDT,ask,57100,530.325
2024-08-07 08:58:02,BTCUSDT,ask,57200,551.325
2024-08-07 08:58:02,BTCUSDT,ask,57200,551.325
2024-08-07 08:58:02,BTCUSDT,ask,57200,551.325
2024-08-07 08:58:03,BTCUSDT,ask,57200,551.326
2024-08-07 08:58:03,BTCUSDT,ask,57200,551.326
2024-08-07 08:58:03,BTCUSDT,ask,57200,551.326
2024-08-07 08:58:05,BTCUSDT,ask,57100,530.487
2024-08-07 08:58:05,BTCUSDT,ask,57100,530.487
2024-08-07 08:58:05,BTCUSDT,ask,57100,530.487
2024-08-07 08:58:05,BTCUSDT,ask,57100,530.483
2024-08-07 08:58:05,BTCUSDT,ask,57100,530.483
2024-08-07 08:58:05,BTCUSDT,ask,57100,530.483
2024-08-07 08:58:05,BTCUSDT,ask,57100,530.479
2024-08-07 08:58:05,BTCUSDT,ask,57100,530.479
2024-08-07 08:58:05,BTCUSDT,ask,57100,530.479
2024-08-07 08:58:07,BTCUSDT,ask,57100,530.36
2024-08-07 08:58:07,BTCUSDT,ask,57100,530.36
2024-08-07 08:58:07,BTCUSDT,ask,57100,530.36
2024-08-07 08:58:11,BTCUSDT,ask,57200,551.662
2024-08-07 08:58:11,BTCUSDT,ask,57200,551.662
2024-08-07 08:58:11,BTCUSDT,ask,57200,551.662
2024-08-07 08:58:15,BTCUSDT,ask,57200,551.762
2024-08-07 08:58:15,BTCUSDT,ask,57200,551.762
2024-08-07 08:58:15,BTCUSDT,ask,57200,551.762
2024-08-07 08:58:19,BTCUSDT,ask,57200,551.71
2024-08-07 08:58:19,BTCUSDT,ask,57200,551.71
2024-08-07 08:58:19,BTCUSDT,ask,57200,551.71
2024-08-07 08:58:19,BTCUSDT,ask,57200,551.716
2024-08-07 08:58:19,BTCUSDT,ask,57200,551.716
2024-08-07 08:58:20,BTCUSDT,ask,57200,551.716
2024-08-07 08:58:23,BTCUSDT,ask,57200,551.441
2024-08-07 08:58:23,BTCUSDT,ask,57200,551.441
2024-08-07 08:58:23,BTCUSDT,ask,57200,551.441
2024-08-07 08:58:23,BTCUSDT,ask,57100,530.584
2024-08-07 08:58:23,BTCUSDT,ask,57100,530.584
2024-08-07 08:58:23,BTCUSDT,ask,57100,530.584
2024-08-07 08:58:30,BTCUSDT,ask,57200,551.497
2024-08-07 08:58:30,BTCUSDT,ask,57200,551.497
2024-08-07 08:58:30,BTCUSDT,ask,57200,551.497
2024-08-07 08:58:30,BTCUSDT,ask,57100,530.461
2024-08-07 08:58:30,BTCUSDT,ask,57100,530.461
2024-08-07 08:58:31,BTCUSDT,ask,57100,530.461
2024-08-07 08:58:36,BTCUSDT,ask,57200,551.608
2024-08-07 08:58:36,BTCUSDT,ask,57200,551.608
2024-08-07 08:58:36,BTCUSDT,ask,57200,551.608
2024-08-07 08:58:37,BTCUSDT,ask,57100,530.487
2024-08-07 08:58:37,BTCUSDT,ask,57100,530.487
2024-08-07 08:58:37,BTCUSDT,ask,57100,530.487
2024-08-07 08:58:38,BTCUSDT,ask,57100,528.496
2024-08-07 08:58:38,BTCUSDT,ask,57100,528.496
2024-08-07 08:58:38,BTCUSDT,ask,57100,528.496
2024-08-07 08:58:41,BTCUSDT,ask,57100,528.615
2024-08-07 08:58:41,BTCUSDT,ask,57100,528.615
2024-08-07 08:58:41,BTCUSDT,ask,57100,528.615
2024-08-07 08:58:41,BTCUSDT,ask,57100,528.641
2024-08-07 08:58:41,BTCUSDT,ask,57100,528.641
2024-08-07 08:58:41,BTCUSDT,ask,57100,528.641
2024-08-07 08:58:46,BTCUSDT,ask,57100,528.769
2024-08-07 08:58:46,BTCUSDT,ask,57100,528.769
2024-08-07 08:58:46,BTCUSDT,ask,57100,528.769
2024-08-07 08:58:46,BTCUSDT,ask,57200,551.529
2024-08-07 08:58:46,BTCUSDT,ask,57200,551.529
2024-08-07 08:58:46,BTCUSDT,ask,57200,551.529
2024-08-07 08:58:46,BTCUSDT,ask,57200,551.477
2024-08-07 08:58:46,BTCUSDT,ask,57200,551.477
2024-08-07 08:58:47,BTCUSDT,ask,57200,551.477
2024-08-07 08:58:50,BTCUSDT,ask,57100,528.629
2024-08-07 08:58:50,BTCUSDT,ask,57100,528.629
2024-08-07 08:58:50,BTCUSDT,ask,57100,528.629
2024-08-07 08:58:51,BTCUSDT,ask,57100,529.611
2024-08-07 08:58:51,BTCUSDT,ask,57100,529.611
2024-08-07 08:58:51,BTCUSDT,ask,57100,529.611
2024-08-07 08:58:52,BTCUSDT,ask,57200,551.427
2024-08-07 08:58:52,BTCUSDT,ask,57200,551.427
2024-08-07 08:58:52,BTCUSDT,ask,57200,551.427
2024-08-07 08:58:52,BTCUSDT,ask,57100,529.684
2024-08-07 08:58:52,BTCUSDT,ask,57100,529.684
2024-08-07 08:58:52,BTCUSDT,ask,57100,529.684
2024-08-07 08:58:52,BTCUSDT,ask,57100,529.687
2024-08-07 08:58:52,BTCUSDT,ask,57200,551.827
2024-08-07 08:58:52,BTCUSDT,ask,57100,529.687
2024-08-07 08:58:52,BTCUSDT,ask,57200,551.827
2024-08-07 08:58:53,BTCUSDT,ask,57100,529.687
2024-08-07 08:58:53,BTCUSDT,ask,57200,551.827
2024-08-07 08:58:55,BTCUSDT,ask,57100,529.7
2024-08-07 08:58:55,BTCUSDT,ask,57100,529.7
2024-08-07 08:58:55,BTCUSDT,ask,57100,529.7
2024-08-07 08:58:57,BTCUSDT,ask,57100,529.707
2024-08-07 08:58:57,BTCUSDT,ask,57100,529.707
2024-08-07 08:58:57,BTCUSDT,ask,57100,529.707
2024-08-07 08:59:02,BTCUSDT,ask,57200,551.897
2024-08-07 08:59:02,BTCUSDT,ask,57200,551.897
2024-08-07 08:59:02,BTCUSDT,ask,57200,551.897
2024-08-07 08:59:03,BTCUSDT,ask,57100,529.709
2024-08-07 08:59:03,BTCUSDT,ask,57100,529.709
2024-08-07 08:59:03,BTCUSDT,ask,57100,529.709
2024-08-07 08:59:04,BTCUSDT,ask,57200,551.984
2024-08-07 08:59:04,BTCUSDT,ask,57200,551.984
2024-08-07 08:59:04,BTCUSDT,ask,57200,551.984
2024-08-07 08:59:06,BTCUSDT,ask,57100,529.705
2024-08-07 08:59:06,BTCUSDT,ask,57100,529.705
2024-08-07 08:59:06,BTCUSDT,ask,57100,529.705
2024-08-07 08:59:07,BTCUSDT,ask,57200,551.972
2024-08-07 08:59:07,BTCUSDT,ask,57200,551.972
2024-08-07 08:59:07,BTCUSDT,ask,57200,551.972
2024-08-07 08:59:08,BTCUSDT,ask,57100,529.684
2024-08-07 08:59:08,BTCUSDT,ask,57100,529.684
2024-08-07 08:59:08,BTCUSDT,ask,57100,529.684
2024-08-07 08:59:16,BTCUSDT,ask,57100,529.673
2024-08-07 08:59:16,BTCUSDT,ask,57100,529.673
2024-08-07 08:59:16,BTCUSDT,ask,57100,529.673
2024-08-07 08:59:16,BTCUSDT,ask,57200,553.116
2024-08-07 08:59:16,BTCUSDT,ask,57200,553.116
2024-08-07 08:59:16,BTCUSDT,ask,57200,553.116
2024-08-07 08:59:16,BTCUSDT,ask,57100,529.678
2024-08-07 08:59:16,BTCUSDT,ask,57100,529.678
2024-08-07 08:59:16,BTCUSDT,ask,57100,529.678
2024-08-07 08:59:20,BTCUSDT,ask,57100,529.694
2024-08-07 08:59:20,BTCUSDT,ask,57100,529.694
2024-08-07 08:59:20,BTCUSDT,ask,57100,529.694
2024-08-07 08:59:20,BTCUSDT,ask,57200,552.072
2024-08-07 08:59:20,BTCUSDT,ask,57200,552.072
2024-08-07 08:59:20,BTCUSDT,ask,57200,552.072
2024-08-07 08:59:22,BTCUSDT,ask,57100,529.698
2024-08-07 08:59:22,BTCUSDT,ask,57100,529.698
2024-08-07 08:59:22,BTCUSDT,ask,57100,529.698
2024-08-07 08:59:33,BTCUSDT,ask,57100,536.529
2024-08-07 08:59:33,BTCUSDT,ask,57100,536.529
2024-08-07 08:59:33,BTCUSDT,ask,57100,536.529
2024-08-07 08:59:33,BTCUSDT,ask,57200,552.135
2024-08-07 08:59:33,BTCUSDT,ask,57200,552.135
2024-08-07 08:59:33,BTCUSDT,ask,57200,552.135
2024-08-07 08:59:33,BTCUSDT,ask,57200,552.24
2024-08-07 08:59:33,BTCUSDT,ask,57200,552.24
2024-08-07 08:59:33,BTCUSDT,ask,57200,552.24
2024-08-07 08:59:34,BTCUSDT,ask,57100,536.615
2024-08-07 08:59:34,BTCUSDT,ask,57200,552.154
2024-08-07 08:59:34,BTCUSDT,ask,57100,536.615
2024-08-07 08:59:34,BTCUSDT,ask,57200,552.154
2024-08-07 08:59:34,BTCUSDT,ask,57100,536.615
2024-08-07 08:59:34,BTCUSDT,ask,57200,552.154
2024-08-07 08:59:36,BTCUSDT,ask,57200,551.955
2024-08-07 08:59:36,BTCUSDT,ask,57200,551.955
2024-08-07 08:59:36,BTCUSDT,ask,57200,551.955
2024-08-07 08:59:36,BTCUSDT,ask,57200,551.96
2024-08-07 08:59:36,BTCUSDT,ask,57200,551.96
2024-08-07 08:59:36,BTCUSDT,ask,57200,551.96
2024-08-07 08:59:37,BTCUSDT,ask,57100,536.428
2024-08-07 08:59:37,BTCUSDT,ask,57100,536.428
2024-08-07 08:59:37,BTCUSDT,ask,57100,536.428
2024-08-07 08:59:38,BTCUSDT,ask,57100,529.594
2024-08-07 08:59:38,BTCUSDT,ask,57100,529.594
2024-08-07 08:59:38,BTCUSDT,ask,57100,529.594
2024-08-07 08:59:39,BTCUSDT,ask,57100,529.489
2024-08-07 08:59:39,BTCUSDT,ask,57100,529.489
2024-08-07 08:59:39,BTCUSDT,ask,57100,529.489
2024-08-07 08:59:45,BTCUSDT,ask,57100,529.536
2024-08-07 08:59:45,BTCUSDT,ask,57100,529.536
2024-08-07 08:59:45,BTCUSDT,ask,57100,529.536
2024-08-07 08:59:47,BTCUSDT,ask,57200,551.932
2024-08-07 08:59:47,BTCUSDT,ask,57200,551.932
2024-08-07 08:59:47,BTCUSDT,ask,57200,551.932
2024-08-07 08:59:49,BTCUSDT,ask,57100,529.559
2024-08-07 08:59:49,BTCUSDT,ask,57100,529.559
2024-08-07 08:59:49,BTCUSDT,ask,57100,529.559
2024-08-07 08:59:51,BTCUSDT,ask,57200,551.982
2024-08-07 08:59:51,BTCUSDT,ask,57200,551.982
2024-08-07 08:59:51,BTCUSDT,ask,57200,551.982
2024-08-07 08:59:51,BTCUSDT,ask,57100,529.559
2024-08-07 08:59:51,BTCUSDT,ask,57100,529.559
2024-08-07 08:59:51,BTCUSDT,ask,57100,529.559
2024-08-07 08:59:52,BTCUSDT,ask,57100,529.557
2024-08-07 08:59:52,BTCUSDT,ask,57100,529.557
2024-08-07 08:59:52,BTCUSDT,ask,57100,529.557
2024-08-07 08:59:53,BTCUSDT,ask,57200,551.984
2024-08-07 08:59:53,BTCUSDT,ask,57200,551.984
2024-08-07 08:59:53,BTCUSDT,ask,57200,551.984
2024-08-07 08:59:53,BTCUSDT,ask,57100,529.559
2024-08-07 08:59:53,BTCUSDT,ask,57100,529.559
2024-08-07 08:59:53,BTCUSDT,ask,57100,529.559
2024-08-07 09:00:02,BTCUSDT,ask,57200,551.984
2024-08-07 09:00:02,BTCUSDT,ask,57200,551.984
2024-08-07 09:00:02,BTCUSDT,ask,57200,551.984
2024-08-07 09:00:04,BTCUSDT,bid,47500,633.763
2024-08-07 09:00:04,BTCUSDT,bid,47500,633.763
2024-08-07 09:00:04,BTCUSDT,bid,47500,633.763
2024-08-07 09:00:08,BTCUSDT,ask,57100,529.543
2024-08-07 09:00:08,BTCUSDT,ask,57100,529.543
2024-08-07 09:00:08,BTCUSDT,ask,57200,552.115
2024-08-07 09:00:08,BTCUSDT,ask,57200,552.115
2024-08-07 09:00:08,BTCUSDT,ask,57100,529.543
2024-08-07 09:00:08,BTCUSDT,ask,57200,552.115
2024-08-07 09:00:10,BTCUSDT,ask,57200,552.118
2024-08-07 09:00:10,BTCUSDT,ask,57200,552.118
2024-08-07 09:00:10,BTCUSDT,ask,57200,552.118
2024-08-07 09:00:11,BTCUSDT,ask,57100,529.55
2024-08-07 09:00:11,BTCUSDT,ask,57100,529.55
2024-08-07 09:00:11,BTCUSDT,ask,57100,529.55
2024-08-07 09:00:12,BTCUSDT,ask,57100,529.55
2024-08-07 09:00:12,BTCUSDT,ask,57100,529.55
2024-08-07 09:00:12,BTCUSDT,ask,57100,529.55
2024-08-07 09:00:15,BTCUSDT,ask,57100,526.397
2024-08-07 09:00:15,BTCUSDT,ask,57100,526.397
2024-08-07 09:00:15,BTCUSDT,ask,57100,526.397
2024-08-07 09:00:16,BTCUSDT,ask,57200,551.998
2024-08-07 09:00:16,BTCUSDT,ask,57200,551.998
2024-08-07 09:00:16,BTCUSDT,ask,57200,551.998
2024-08-07 09:00:22,BTCUSDT,ask,57200,552.435
2024-08-07 09:00:22,BTCUSDT,ask,57200,552.435
2024-08-07 09:00:22,BTCUSDT,ask,57200,552.435
2024-08-07 09:00:31,BTCUSDT,ask,57100,526.704
2024-08-07 09:00:31,BTCUSDT,ask,57100,526.704
2024-08-07 09:00:31,BTCUSDT,ask,57100,526.704
2024-08-07 09:00:35,BTCUSDT,ask,57100,526.697
2024-08-07 09:00:35,BTCUSDT,ask,57100,526.697
2024-08-07 09:00:35,BTCUSDT,ask,57100,526.697
2024-08-07 09:00:48,BTCUSDT,ask,57100,526.693
2024-08-07 09:00:48,BTCUSDT,ask,57100,526.693
2024-08-07 09:00:48,BTCUSDT,ask,57100,526.693
2024-08-07 09:00:54,BTCUSDT,ask,57200,552.443
2024-08-07 09:00:54,BTCUSDT,ask,57200,552.443
2024-08-07 09:00:54,BTCUSDT,ask,57200,552.443
2024-08-07 09:01:26,BTCUSDT,ask,57200,569.298
2024-08-07 09:01:26,BTCUSDT,ask,57200,569.298
2024-08-07 09:01:26,BTCUSDT,ask,57200,569.298
2024-08-07 09:01:32,BTCUSDT,ask,57200,568.972
2024-08-07 09:01:32,BTCUSDT,ask,57200,568.972
2024-08-07 09:01:32,BTCUSDT,ask,57200,568.972
2024-08-07 09:01:33,BTCUSDT,ask,57200,568.969
2024-08-07 09:01:33,BTCUSDT,ask,57200,568.969
2024-08-07 09:01:33,BTCUSDT,ask,57200,568.969
2024-08-07 09:01:33,BTCUSDT,ask,57100,526.74
2024-08-07 09:01:33,BTCUSDT,ask,57100,526.74
2024-08-07 09:01:33,BTCUSDT,ask,57100,526.74
2024-08-07 09:01:49,BTCUSDT,ask,57100,527.111
2024-08-07 09:01:49,BTCUSDT,ask,57100,527.111
2024-08-07 09:01:49,BTCUSDT,ask,57100,527.111
2024-08-07 09:01:56,BTCUSDT,ask,57100,527.08
2024-08-07 09:01:56,BTCUSDT,ask,57100,527.08
2024-08-07 09:01:56,BTCUSDT,ask,57100,527.08
2024-08-07 09:02:04,BTCUSDT,ask,57200,568.967
2024-08-07 09:02:04,BTCUSDT,ask,57200,568.967
2024-08-07 09:02:04,BTCUSDT,ask,57200,568.967
2024-08-07 09:02:08,BTCUSDT,ask,57200,568.965
2024-08-07 09:02:08,BTCUSDT,ask,57200,568.965
2024-08-07 09:02:08,BTCUSDT,ask,57200,568.965
2024-08-07 09:02:12,BTCUSDT,ask,57100,527.051
2024-08-07 09:02:12,BTCUSDT,ask,57100,527.051
2024-08-07 09:02:12,BTCUSDT,ask,57100,527.051
2024-08-07 09:02:14,BTCUSDT,ask,57100,526.701
2024-08-07 09:02:14,BTCUSDT,ask,57100,526.701
2024-08-07 09:02:15,BTCUSDT,ask,57100,526.701
2024-08-07 09:02:17,BTCUSDT,ask,57200,568.938
2024-08-07 09:02:18,BTCUSDT,ask,57200,568.938
2024-08-07 09:02:18,BTCUSDT,ask,57200,568.938
2024-08-07 09:02:20,BTCUSDT,ask,57200,569.213
2024-08-07 09:02:20,BTCUSDT,ask,57200,569.213
2024-08-07 09:02:20,BTCUSDT,ask,57200,569.213
2024-08-07 09:02:27,BTCUSDT,ask,57100,526.615
2024-08-07 09:02:27,BTCUSDT,ask,57100,526.615
2024-08-07 09:02:27,BTCUSDT,ask,57100,526.615
2024-08-07 09:02:27,BTCUSDT,ask,57100,525.74
2024-08-07 09:02:27,BTCUSDT,ask,57100,525.74
2024-08-07 09:02:27,BTCUSDT,ask,57100,525.74
2024-08-07 09:02:55,BTCUSDT,ask,57200,569.233
2024-08-07 09:02:55,BTCUSDT,ask,57200,569.233
2024-08-07 09:02:55,BTCUSDT,ask,57200,569.233
2024-08-07 09:03:10,BTCUSDT,ask,57200,569.333
2024-08-07 09:03:10,BTCUSDT,ask,57200,569.333
2024-08-07 09:03:10,BTCUSDT,ask,57200,569.333
2024-08-07 09:03:12,BTCUSDT,ask,57200,569.337
2024-08-07 09:03:12,BTCUSDT,ask,57200,569.337
2024-08-07 09:03:12,BTCUSDT,ask,57200,569.337
2024-08-07 09:03:24,BTCUSDT,ask,57200,569.172
2024-08-07 09:03:24,BTCUSDT,ask,57200,569.172
2024-08-07 09:03:25,BTCUSDT,ask,57200,569.172
2024-08-07 09:03:30,BTCUSDT,ask,57100,525.859
2024-08-07 09:03:30,BTCUSDT,ask,57100,525.859
2024-08-07 09:03:30,BTCUSDT,ask,57100,525.859
2024-08-07 09:04:27,BTCUSDT,ask,57100,525.668
2024-08-07 09:04:27,BTCUSDT,ask,57100,525.668
2024-08-07 09:04:27,BTCUSDT,ask,57100,525.668
2024-08-07 09:04:32,BTCUSDT,ask,57100,525.692
2024-08-07 09:04:32,BTCUSDT,ask,57100,525.692
2024-08-07 09:04:32,BTCUSDT,ask,57100,525.692
2024-08-07 09:06:21,BTCUSDT,ask,57100,528.1
2024-08-07 09:06:21,BTCUSDT,ask,57100,528.1
2024-08-07 09:06:21,BTCUSDT,ask,57100,528.1
2024-08-07 09:06:25,BTCUSDT,ask,57100,530.964
2024-08-07 09:06:25,BTCUSDT,ask,57100,530.964
2024-08-07 09:06:25,BTCUSDT,ask,57100,530.964
2024-08-07 09:06:57,BTCUSDT,ask,57100,528.098
2024-08-07 09:06:57,BTCUSDT,ask,57100,528.098
2024-08-07 09:06:57,BTCUSDT,ask,57100,528.098
2024-08-07 09:06:57,BTCUSDT,ask,57200,574.388
2024-08-07 09:06:57,BTCUSDT,ask,57200,574.388
2024-08-07 09:06:57,BTCUSDT,ask,57200,574.388
2024-08-07 09:07:16,BTCUSDT,ask,57100,528.101
2024-08-07 09:07:16,BTCUSDT,ask,57100,528.101
2024-08-07 09:07:16,BTCUSDT,ask,57100,528.101
2024-08-07 09:07:17,BTCUSDT,ask,57100,528.098
2024-08-07 09:07:17,BTCUSDT,ask,57100,528.098
2024-08-07 09:07:18,BTCUSDT,ask,57100,528.098
2024-08-07 09:07:23,BTCUSDT,ask,57100,528.009
2024-08-07 09:07:23,BTCUSDT,ask,57100,528.009
2024-08-07 09:07:23,BTCUSDT,ask,57100,528.009
2024-08-07 09:07:38,BTCUSDT,ask,57200,574.353
2024-08-07 09:07:38,BTCUSDT,ask,57200,574.353
2024-08-07 09:07:38,BTCUSDT,ask,57200,574.353
2024-08-07 09:07:40,BTCUSDT,ask,57100,528.002
2024-08-07 09:07:40,BTCUSDT,ask,57100,528.002
2024-08-07 09:07:41,BTCUSDT,ask,57100,528.0
2024-08-07 09:07:41,BTCUSDT,ask,57100,528.0
2024-08-07 09:07:41,BTCUSDT,ask,57100,528.002
2024-08-07 09:07:41,BTCUSDT,ask,57100,528.0
2024-08-07 09:07:43,BTCUSDT,ask,57200,574.562
2024-08-07 09:07:43,BTCUSDT,ask,57200,574.562
2024-08-07 09:07:44,BTCUSDT,ask,57200,574.562
2024-08-07 09:07:54,BTCUSDT,ask,57100,527.9
2024-08-07 09:07:54,BTCUSDT,ask,57100,527.9
2024-08-07 09:07:54,BTCUSDT,ask,57100,527.9
2024-08-07 09:08:09,BTCUSDT,ask,57100,527.91
2024-08-07 09:08:09,BTCUSDT,ask,57100,527.91
2024-08-07 09:08:10,BTCUSDT,ask,57100,527.91
2024-08-07 09:08:23,BTCUSDT,ask,57100,528.01
2024-08-07 09:08:23,BTCUSDT,ask,57100,528.01
2024-08-07 09:08:23,BTCUSDT,ask,57100,528.01
2024-08-07 09:08:24,BTCUSDT,ask,57100,527.91
2024-08-07 09:08:24,BTCUSDT,ask,57100,527.91
2024-08-07 09:08:24,BTCUSDT,ask,57100,527.91
2024-08-07 09:08:33,BTCUSDT,ask,57100,528.41
2024-08-07 09:08:33,BTCUSDT,ask,57100,528.41
2024-08-07 09:08:33,BTCUSDT,ask,57100,528.41
2024-08-07 09:08:33,BTCUSDT,ask,57100,528.433
2024-08-07 09:08:33,BTCUSDT,ask,57100,528.433
2024-08-07 09:08:34,BTCUSDT,ask,57100,528.433
2024-08-07 09:08:37,BTCUSDT,ask,57200,574.431
2024-08-07 09:08:37,BTCUSDT,ask,57200,574.431
2024-08-07 09:08:37,BTCUSDT,ask,57200,574.431
2024-08-07 09:08:39,BTCUSDT,ask,57100,528.403
2024-08-07 09:08:39,BTCUSDT,ask,57100,528.403
2024-08-07 09:08:39,BTCUSDT,ask,57100,528.403
2024-08-07 09:08:40,BTCUSDT,ask,57200,574.453
2024-08-07 09:08:40,BTCUSDT,ask,57200,574.453
2024-08-07 09:08:40,BTCUSDT,ask,57200,574.453
2024-08-07 09:08:41,BTCUSDT,ask,57100,528.503
2024-08-07 09:08:41,BTCUSDT,ask,57100,528.503
2024-08-07 09:08:41,BTCUSDT,ask,57100,528.503
2024-08-07 09:08:49,BTCUSDT,ask,57200,574.47
2024-08-07 09:08:49,BTCUSDT,ask,57200,574.47
2024-08-07 09:08:49,BTCUSDT,ask,57200,574.47
2024-08-07 09:08:51,BTCUSDT,ask,57200,574.377
2024-08-07 09:08:51,BTCUSDT,ask,57200,574.377
2024-08-07 09:08:51,BTCUSDT,ask,57200,574.377
2024-08-07 09:08:52,BTCUSDT,ask,57200,574.38
2024-08-07 09:08:52,BTCUSDT,ask,57200,574.38
2024-08-07 09:08:52,BTCUSDT,ask,57200,574.38
2024-08-07 09:08:56,BTCUSDT,ask,57100,535.738
2024-08-07 09:08:56,BTCUSDT,ask,57100,535.738
2024-08-07 09:08:56,BTCUSDT,ask,57100,535.738
2024-08-07 09:09:00,BTCUSDT,ask,57100,535.74
2024-08-07 09:09:00,BTCUSDT,ask,57100,535.74
2024-08-07 09:09:00,BTCUSDT,ask,57100,535.74
2024-08-07 09:09:01,BTCUSDT,ask,57200,574.419
2024-08-07 09:09:01,BTCUSDT,ask,57200,574.419
2024-08-07 09:09:01,BTCUSDT,ask,57200,574.419
2024-08-07 09:09:09,BTCUSDT,ask,57200,574.414
2024-08-07 09:09:09,BTCUSDT,ask,57200,574.414
2024-08-07 09:09:10,BTCUSDT,ask,57200,574.414
2024-08-07 09:09:14,BTCUSDT,ask,57100,535.617
2024-08-07 09:09:14,BTCUSDT,ask,57100,535.617
2024-08-07 09:09:14,BTCUSDT,ask,57100,535.617
2024-08-07 09:09:22,BTCUSDT,ask,57100,528.558
2024-08-07 09:09:22,BTCUSDT,ask,57100,528.558
2024-08-07 09:09:22,BTCUSDT,ask,57100,528.558
2024-08-07 09:09:28,BTCUSDT,ask,57200,574.417
2024-08-07 09:09:28,BTCUSDT,ask,57200,574.417
2024-08-07 09:09:28,BTCUSDT,ask,57200,574.417
2024-08-07 09:09:31,BTCUSDT,ask,57100,528.568
2024-08-07 09:09:31,BTCUSDT,ask,57100,528.568
2024-08-07 09:09:31,BTCUSDT,ask,57100,528.568
2024-08-07 09:09:40,BTCUSDT,ask,57100,528.583
2024-08-07 09:09:40,BTCUSDT,ask,57100,528.583
2024-08-07 09:09:40,BTCUSDT,ask,57100,528.583
2024-08-07 09:09:47,BTCUSDT,ask,57100,528.639
2024-08-07 09:09:47,BTCUSDT,ask,57100,528.639
2024-08-07 09:09:47,BTCUSDT,ask,57100,528.639
2024-08-07 09:09:48,BTCUSDT,ask,57200,574.269
2024-08-07 09:09:48,BTCUSDT,ask,57200,574.269
2024-08-07 09:09:48,BTCUSDT,ask,57200,574.269
2024-08-07 09:09:50,BTCUSDT,ask,57200,574.284
2024-08-07 09:09:50,BTCUSDT,ask,57200,574.284
2024-08-07 09:09:50,BTCUSDT,ask,57200,574.284
2024-08-07 09:09:54,BTCUSDT,ask,57100,528.645
2024-08-07 09:09:54,BTCUSDT,ask,57100,528.645
2024-08-07 09:09:54,BTCUSDT,ask,57100,528.645
2024-08-07 09:09:56,BTCUSDT,bid,47000,877.948
2024-08-07 09:09:56,BTCUSDT,bid,47500,633.723
2024-08-07 09:09:56,BTCUSDT,bid,47000,877.948
2024-08-07 09:09:56,BTCUSDT,bid,47500,633.723
2024-08-07 09:09:56,BTCUSDT,bid,47000,877.948
2024-08-07 09:09:56,BTCUSDT,bid,47500,633.723
2024-08-07 09:10:01,BTCUSDT,ask,57200,574.292
2024-08-07 09:10:01,BTCUSDT,ask,57200,574.292
2024-08-07 09:10:01,BTCUSDT,ask,57200,574.292
2024-08-07 09:10:12,BTCUSDT,ask,57200,574.286
2024-08-07 09:10:12,BTCUSDT,ask,57200,574.286
2024-08-07 09:10:12,BTCUSDT,ask,57200,574.286
2024-08-07 09:10:22,BTCUSDT,ask,57100,528.688
2024-08-07 09:10:22,BTCUSDT,ask,57100,528.688
2024-08-07 09:10:22,BTCUSDT,ask,57100,528.688
2024-08-07 09:10:23,BTCUSDT,ask,57100,528.682
2024-08-07 09:10:23,BTCUSDT,ask,57100,528.682
2024-08-07 09:10:23,BTCUSDT,ask,57100,528.682
2024-08-07 09:10:28,BTCUSDT,ask,57200,574.285
2024-08-07 09:10:28,BTCUSDT,ask,57200,574.285
2024-08-07 09:10:28,BTCUSDT,ask,57200,574.285
2024-08-07 09:10:34,BTCUSDT,ask,57100,528.672
2024-08-07 09:10:34,BTCUSDT,ask,57100,528.672
2024-08-07 09:10:34,BTCUSDT,ask,57100,528.672
2024-08-07 09:10:34,BTCUSDT,ask,57200,573.848
2024-08-07 09:10:34,BTCUSDT,ask,57200,573.848
2024-08-07 09:10:34,BTCUSDT,ask,57200,573.848
2024-08-07 09:10:38,BTCUSDT,ask,57100,528.639
2024-08-07 09:10:38,BTCUSDT,ask,57100,528.639
2024-08-07 09:10:38,BTCUSDT,ask,57100,528.639
2024-08-07 09:10:39,BTCUSDT,ask,57200,573.865
2024-08-07 09:10:39,BTCUSDT,ask,57200,573.865
2024-08-07 09:10:39,BTCUSDT,ask,57200,573.865
2024-08-07 09:10:44,BTCUSDT,ask,57100,528.813
2024-08-07 09:10:44,BTCUSDT,ask,57100,528.813
2024-08-07 09:10:44,BTCUSDT,ask,57100,528.813
2024-08-07 09:10:54,BTCUSDT,ask,57100,528.571
2024-08-07 09:10:54,BTCUSDT,ask,57100,528.571
2024-08-07 09:10:54,BTCUSDT,ask,57100,528.571
2024-08-07 09:11:06,BTCUSDT,ask,57100,528.554
2024-08-07 09:11:06,BTCUSDT,ask,57200,573.848
2024-08-07 09:11:06,BTCUSDT,ask,57100,528.554
2024-08-07 09:11:06,BTCUSDT,ask,57200,573.848
2024-08-07 09:11:06,BTCUSDT,ask,57100,528.554
2024-08-07 09:11:06,BTCUSDT,ask,57200,573.848
2024-08-07 09:11:18,BTCUSDT,ask,57200,573.929
2024-08-07 09:11:18,BTCUSDT,ask,57200,573.929
2024-08-07 09:11:18,BTCUSDT,ask,57200,573.929
2024-08-07 09:11:21,BTCUSDT,ask,57200,573.829
2024-08-07 09:11:21,BTCUSDT,ask,57200,573.829
2024-08-07 09:11:21,BTCUSDT,ask,57200,573.829
2024-08-07 09:11:42,BTCUSDT,ask,57100,528.643
2024-08-07 09:11:42,BTCUSDT,ask,57100,528.643
2024-08-07 09:11:42,BTCUSDT,ask,57100,528.643
2024-08-07 09:11:52,BTCUSDT,ask,57100,528.653
2024-08-07 09:11:52,BTCUSDT,ask,57100,528.653
2024-08-07 09:11:52,BTCUSDT,ask,57100,528.653
2024-08-07 09:12:20,BTCUSDT,ask,57100,528.656
2024-08-07 09:12:20,BTCUSDT,ask,57100,528.656
2024-08-07 09:12:20,BTCUSDT,ask,57100,528.656
2024-08-07 09:12:24,BTCUSDT,ask,57100,528.767
2024-08-07 09:12:24,BTCUSDT,ask,57100,528.767
2024-08-07 09:12:24,BTCUSDT,ask,57100,528.767
2024-08-07 09:12:25,BTCUSDT,ask,57200,573.578
2024-08-07 09:12:25,BTCUSDT,ask,57200,573.578
2024-08-07 09:12:25,BTCUSDT,ask,57200,573.578
2024-08-07 09:12:56,BTCUSDT,ask,57200,573.513
2024-08-07 09:12:56,BTCUSDT,ask,57200,573.513
2024-08-07 09:12:56,BTCUSDT,ask,57200,573.513
2024-08-07 09:13:02,BTCUSDT,ask,57200,573.204
2024-08-07 09:13:02,BTCUSDT,ask,57200,573.204
2024-08-07 09:13:02,BTCUSDT,ask,57200,573.204
2024-08-07 09:13:13,BTCUSDT,ask,57200,573.179
2024-08-07 09:13:13,BTCUSDT,ask,57200,573.179
2024-08-07 09:13:13,BTCUSDT,ask,57200,573.179
2024-08-07 09:13:21,BTCUSDT,ask,57100,528.717
2024-08-07 09:13:21,BTCUSDT,ask,57100,528.717
2024-08-07 09:13:21,BTCUSDT,ask,57100,528.717
2024-08-07 09:13:30,BTCUSDT,ask,57100,528.653
2024-08-07 09:13:30,BTCUSDT,ask,57100,528.653
2024-08-07 09:13:30,BTCUSDT,ask,57100,528.653
2024-08-07 09:13:52,BTCUSDT,ask,57100,528.637
2024-08-07 09:13:52,BTCUSDT,ask,57100,528.637
2024-08-07 09:13:52,BTCUSDT,ask,57100,528.637
2024-08-07 09:14:20,BTCUSDT,ask,57200,573.174
2024-08-07 09:14:20,BTCUSDT,ask,57200,573.174
2024-08-07 09:14:20,BTCUSDT,ask,57200,573.174
2024-08-07 09:14:32,BTCUSDT,ask,57100,528.653
2024-08-07 09:14:32,BTCUSDT,ask,57100,528.653
2024-08-07 09:14:32,BTCUSDT,ask,57100,528.653
2024-08-07 09:14:33,BTCUSDT,ask,57200,573.234
2024-08-07 09:14:33,BTCUSDT,ask,57200,573.234
2024-08-07 09:14:33,BTCUSDT,ask,57200,573.234
2024-08-07 09:14:51,BTCUSDT,ask,57200,573.603
2024-08-07 09:14:51,BTCUSDT,ask,57200,573.603
2024-08-07 09:14:51,BTCUSDT,ask,57200,573.603
2024-08-07 09:14:52,BTCUSDT,ask,57100,526.153
2024-08-07 09:14:52,BTCUSDT,ask,57100,526.153
2024-08-07 09:14:52,BTCUSDT,ask,57100,526.153
2024-08-07 09:15:13,BTCUSDT,ask,57100,526.162
2024-08-07 09:15:13,BTCUSDT,ask,57100,526.162
2024-08-07 09:15:13,BTCUSDT,ask,57100,526.162
2024-08-07 09:15:20,BTCUSDT,ask,57100,526.153
2024-08-07 09:15:20,BTCUSDT,ask,57100,526.153
2024-08-07 09:15:20,BTCUSDT,ask,57100,526.153
2024-08-07 09:15:29,BTCUSDT,ask,57100,526.143
2024-08-07 09:15:29,BTCUSDT,ask,57100,526.143
2024-08-07 09:15:29,BTCUSDT,ask,57100,526.143
2024-08-07 09:15:35,BTCUSDT,ask,57200,573.63
2024-08-07 09:15:35,BTCUSDT,ask,57200,573.63
2024-08-07 09:15:35,BTCUSDT,ask,57200,573.63
2024-08-07 09:15:52,BTCUSDT,ask,57200,583.595
2024-08-07 09:15:52,BTCUSDT,ask,57200,583.595
2024-08-07 09:15:52,BTCUSDT,ask,57200,583.595
2024-08-07 09:15:56,BTCUSDT,ask,57200,583.497
2024-08-07 09:15:56,BTCUSDT,ask,57200,583.497
2024-08-07 09:15:56,BTCUSDT,ask,57200,583.497
2024-08-07 09:15:57,BTCUSDT,ask,57200,583.539
2024-08-07 09:15:57,BTCUSDT,ask,57200,583.539
2024-08-07 09:15:57,BTCUSDT,ask,57200,583.539
2024-08-07 09:16:00,BTCUSDT,ask,57100,526.104
2024-08-07 09:16:00,BTCUSDT,ask,57100,526.104
2024-08-07 09:16:00,BTCUSDT,ask,57100,526.104
2024-08-07 09:16:51,BTCUSDT,ask,57100,525.971
2024-08-07 09:16:51,BTCUSDT,ask,57100,525.971
2024-08-07 09:16:51,BTCUSDT,ask,57100,525.971
2024-08-07 09:17:31,BTCUSDT,ask,57200,583.705
2024-08-07 09:17:31,BTCUSDT,ask,57200,583.705
2024-08-07 09:17:31,BTCUSDT,ask,57200,583.705
2024-08-07 09:17:58,BTCUSDT,ask,57100,526.006
2024-08-07 09:17:58,BTCUSDT,ask,57100,526.006
2024-08-07 09:17:58,BTCUSDT,ask,57100,526.006
2024-08-07 09:18:20,BTCUSDT,ask,57200,584.334
2024-08-07 09:18:20,BTCUSDT,ask,57200,584.334
2024-08-07 09:18:20,BTCUSDT,ask,57200,584.334
2024-08-07 09:18:49,BTCUSDT,bid,47000,877.935
2024-08-07 09:18:49,BTCUSDT,bid,47000,877.935
2024-08-07 09:18:49,BTCUSDT,bid,47000,877.935
2024-08-07 09:18:56,BTCUSDT,ask,57200,580.754
2024-08-07 09:18:56,BTCUSDT,ask,57200,580.754
2024-08-07 09:18:56,BTCUSDT,ask,57200,580.754
2024-08-07 09:19:05,BTCUSDT,ask,57200,580.756
2024-08-07 09:19:05,BTCUSDT,ask,57200,580.756
2024-08-07 09:19:05,BTCUSDT,ask,57200,580.756
2024-08-07 09:19:11,BTCUSDT,ask,57100,526.001
2024-08-07 09:19:11,BTCUSDT,ask,57100,526.001
2024-08-07 09:19:12,BTCUSDT,ask,57100,526.001
2024-08-07 09:19:12,BTCUSDT,ask,57100,525.998
2024-08-07 09:19:12,BTCUSDT,ask,57100,525.998
2024-08-07 09:19:12,BTCUSDT,ask,57100,525.998
2024-08-07 09:19:19,BTCUSDT,bid,47000,877.955
2024-08-07 09:19:19,BTCUSDT,bid,47500,633.743
2024-08-07 09:19:19,BTCUSDT,bid,47000,877.955
2024-08-07 09:19:19,BTCUSDT,bid,47500,633.743
2024-08-07 09:19:19,BTCUSDT,bid,47000,877.955
2024-08-07 09:19:19,BTCUSDT,bid,47500,633.743
2024-08-07 09:19:33,BTCUSDT,ask,57200,580.556
2024-08-07 09:19:33,BTCUSDT,ask,57200,580.556
2024-08-07 09:19:33,BTCUSDT,ask,57200,580.556
2024-08-07 09:20:44,BTCUSDT,ask,57200,580.397
2024-08-07 09:20:44,BTCUSDT,ask,57200,580.397
2024-08-07 09:20:44,BTCUSDT,ask,57200,580.397
2024-08-07 09:20:47,BTCUSDT,ask,57200,580.383
2024-08-07 09:20:47,BTCUSDT,ask,57200,580.383
2024-08-07 09:20:47,BTCUSDT,ask,57200,580.383
2024-08-07 09:21:02,BTCUSDT,ask,57200,580.375
2024-08-07 09:21:02,BTCUSDT,ask,57200,580.375
2024-08-07 09:21:02,BTCUSDT,ask,57200,580.375
2024-08-07 09:21:03,BTCUSDT,ask,57100,531.214
2024-08-07 09:21:03,BTCUSDT,ask,57100,531.214
2024-08-07 09:21:03,BTCUSDT,ask,57100,531.214
2024-08-07 09:21:09,BTCUSDT,ask,57200,581.875
2024-08-07 09:21:09,BTCUSDT,ask,57200,581.875
2024-08-07 09:21:09,BTCUSDT,ask,57200,581.875
2024-08-07 09:21:13,BTCUSDT,ask,57200,581.883
2024-08-07 09:21:13,BTCUSDT,ask,57200,581.883
2024-08-07 09:21:13,BTCUSDT,ask,57200,581.883
2024-08-07 09:21:18,BTCUSDT,ask,57200,581.853
2024-08-07 09:21:18,BTCUSDT,ask,57200,581.853
2024-08-07 09:21:18,BTCUSDT,ask,57200,581.853
2024-08-07 09:21:19,BTCUSDT,ask,57200,581.953
2024-08-07 09:21:19,BTCUSDT,ask,57200,581.953
2024-08-07 09:21:19,BTCUSDT,ask,57200,581.953
2024-08-07 09:21:22,BTCUSDT,ask,57200,582.922
2024-08-07 09:21:22,BTCUSDT,ask,57200,582.922
2024-08-07 09:21:22,BTCUSDT,ask,57200,582.922
2024-08-07 09:21:44,BTCUSDT,ask,57200,583.03
2024-08-07 09:21:44,BTCUSDT,ask,57200,583.03
2024-08-07 09:21:45,BTCUSDT,ask,57200,583.03
2024-08-07 09:21:48,BTCUSDT,ask,57200,583.1
2024-08-07 09:21:48,BTCUSDT,ask,57200,583.1
2024-08-07 09:21:48,BTCUSDT,ask,57200,583.1
2024-08-07 09:21:49,BTCUSDT,ask,57200,583.013
2024-08-07 09:21:49,BTCUSDT,ask,57200,583.013
2024-08-07 09:21:49,BTCUSDT,ask,57200,583.013
2024-08-07 09:21:56,BTCUSDT,ask,57200,584.767
2024-08-07 09:21:56,BTCUSDT,ask,57200,584.767
2024-08-07 09:21:56,BTCUSDT,ask,57200,584.767
2024-08-07 09:21:58,BTCUSDT,ask,57100,525.471
2024-08-07 09:21:58,BTCUSDT,ask,57100,525.471
2024-08-07 09:21:58,BTCUSDT,ask,57100,525.471
2024-08-07 09:21:58,BTCUSDT,ask,57100,525.474
2024-08-07 09:21:58,BTCUSDT,ask,57100,525.474
2024-08-07 09:21:58,BTCUSDT,ask,57100,525.474
2024-08-07 09:22:17,BTCUSDT,ask,57100,525.452
2024-08-07 09:22:17,BTCUSDT,ask,57100,525.452
2024-08-07 09:22:17,BTCUSDT,ask,57100,525.452
2024-08-07 09:22:17,BTCUSDT,ask,57200,584.8
2024-08-07 09:22:17,BTCUSDT,ask,57200,584.8
2024-08-07 09:22:17,BTCUSDT,ask,57200,584.8
2024-08-07 09:22:23,BTCUSDT,ask,57200,584.783
2024-08-07 09:22:23,BTCUSDT,ask,57200,584.783
2024-08-07 09:22:23,BTCUSDT,ask,57200,584.783
2024-08-07 09:22:23,BTCUSDT,ask,57200,584.801
2024-08-07 09:22:23,BTCUSDT,ask,57200,584.801
2024-08-07 09:22:23,BTCUSDT,ask,57200,584.801
2024-08-07 09:22:24,BTCUSDT,ask,57100,525.468
2024-08-07 09:22:24,BTCUSDT,ask,57100,525.468
2024-08-07 09:22:24,BTCUSDT,ask,57100,525.468
2024-08-07 09:22:24,BTCUSDT,ask,57100,525.495
2024-08-07 09:22:24,BTCUSDT,ask,57100,525.495
2024-08-07 09:22:24,BTCUSDT,ask,57100,525.495
2024-08-07 09:22:24,BTCUSDT,ask,57200,584.819
2024-08-07 09:22:24,BTCUSDT,ask,57200,584.819
2024-08-07 09:22:24,BTCUSDT,ask,57200,584.819
2024-08-07 09:22:25,BTCUSDT,ask,57200,584.926
2024-08-07 09:22:25,BTCUSDT,ask,57200,584.926
2024-08-07 09:22:25,BTCUSDT,ask,57200,584.926
2024-08-07 09:22:28,BTCUSDT,ask,57100,525.46
2024-08-07 09:22:28,BTCUSDT,ask,57100,525.46
2024-08-07 09:22:28,BTCUSDT,ask,57100,525.46
2024-08-07 09:22:32,BTCUSDT,ask,57200,585.031
2024-08-07 09:22:32,BTCUSDT,ask,57200,585.031
2024-08-07 09:22:32,BTCUSDT,ask,57200,585.031
2024-08-07 09:22:32,BTCUSDT,ask,57100,525.476
2024-08-07 09:22:32,BTCUSDT,ask,57100,525.476
2024-08-07 09:22:32,BTCUSDT,ask,57100,525.476
2024-08-07 09:22:37,BTCUSDT,ask,57100,527.377
2024-08-07 09:22:37,BTCUSDT,ask,57100,527.377
2024-08-07 09:22:37,BTCUSDT,ask,57100,527.377
2024-08-07 09:22:41,BTCUSDT,ask,57200,585.897
2024-08-07 09:22:41,BTCUSDT,ask,57200,585.897
2024-08-07 09:22:41,BTCUSDT,ask,57200,585.897
2024-08-07 09:22:41,BTCUSDT,ask,57200,584.141
2024-08-07 09:22:41,BTCUSDT,ask,57200,584.141
2024-08-07 09:22:41,BTCUSDT,ask,57200,584.141
2024-08-07 09:22:42,BTCUSDT,bid,47500,633.583
2024-08-07 09:22:42,BTCUSDT,ask,57200,584.136
2024-08-07 09:22:42,BTCUSDT,bid,47500,633.583
2024-08-07 09:22:42,BTCUSDT,ask,57200,584.136
2024-08-07 09:22:42,BTCUSDT,bid,47500,633.583
2024-08-07 09:22:42,BTCUSDT,ask,57200,584.136
2024-08-07 09:22:46,BTCUSDT,ask,57200,584.127
2024-08-07 09:22:46,BTCUSDT,ask,57200,584.127
2024-08-07 09:22:46,BTCUSDT,ask,57200,584.127
2024-08-07 09:22:48,BTCUSDT,ask,57100,527.067
2024-08-07 09:22:48,BTCUSDT,ask,57100,527.067
2024-08-07 09:22:48,BTCUSDT,ask,57100,527.067
2024-08-07 09:22:50,BTCUSDT,ask,57200,584.155
2024-08-07 09:22:50,BTCUSDT,ask,57200,584.155
2024-08-07 09:22:50,BTCUSDT,ask,57200,584.155
2024-08-07 09:22:57,BTCUSDT,ask,57200,585.029
2024-08-07 09:22:57,BTCUSDT,ask,57200,585.029
2024-08-07 09:22:57,BTCUSDT,ask,57200,585.029
2024-08-07 09:22:58,BTCUSDT,ask,57100,527.032
2024-08-07 09:22:58,BTCUSDT,ask,57100,527.032
2024-08-07 09:22:58,BTCUSDT,ask,57100,527.032
2024-08-07 09:22:59,BTCUSDT,ask,57100,527.034
2024-08-07 09:22:59,BTCUSDT,ask,57100,527.034
2024-08-07 09:22:59,BTCUSDT,ask,57100,527.034
2024-08-07 09:23:01,BTCUSDT,ask,57100,527.062
2024-08-07 09:23:01,BTCUSDT,ask,57100,527.062
2024-08-07 09:23:01,BTCUSDT,ask,57100,527.062
2024-08-07 09:23:01,BTCUSDT,ask,57100,527.066
2024-08-07 09:23:01,BTCUSDT,ask,57100,527.066
2024-08-07 09:23:01,BTCUSDT,ask,57100,527.066
2024-08-07 09:23:05,BTCUSDT,ask,57200,584.987
2024-08-07 09:23:05,BTCUSDT,ask,57200,584.987
2024-08-07 09:23:05,BTCUSDT,ask,57200,584.987
2024-08-07 09:23:05,BTCUSDT,bid,47000,877.897
2024-08-07 09:23:05,BTCUSDT,bid,47000,877.897
2024-08-07 09:23:06,BTCUSDT,bid,47000,877.897
2024-08-07 09:23:06,BTCUSDT,ask,57100,527.01
2024-08-07 09:23:06,BTCUSDT,ask,57100,527.01
2024-08-07 09:23:06,BTCUSDT,ask,57100,527.01
2024-08-07 09:23:09,BTCUSDT,ask,57100,527.0
2024-08-07 09:23:09,BTCUSDT,ask,57100,527.0
2024-08-07 09:23:09,BTCUSDT,ask,57100,527.0
2024-08-07 09:23:11,BTCUSDT,ask,57200,584.975
2024-08-07 09:23:11,BTCUSDT,ask,57200,584.975
2024-08-07 09:23:11,BTCUSDT,ask,57200,584.975
2024-08-07 09:23:27,BTCUSDT,ask,57100,526.998
2024-08-07 09:23:27,BTCUSDT,ask,57100,526.998
2024-08-07 09:23:28,BTCUSDT,ask,57100,526.998
2024-08-07 09:23:34,BTCUSDT,ask,57100,527.102
2024-08-07 09:23:34,BTCUSDT,ask,57100,527.102
2024-08-07 09:23:34,BTCUSDT,ask,57100,527.102
2024-08-07 09:23:35,BTCUSDT,ask,57200,584.218
2024-08-07 09:23:35,BTCUSDT,ask,57200,584.218
2024-08-07 09:23:35,BTCUSDT,ask,57200,584.218
2024-08-07 09:23:37,BTCUSDT,ask,57200,584.231
2024-08-07 09:23:37,BTCUSDT,ask,57200,584.231
2024-08-07 09:23:37,BTCUSDT,ask,57200,584.231
2024-08-07 09:23:42,BTCUSDT,ask,57200,584.335
2024-08-07 09:23:42,BTCUSDT,ask,57200,584.335
2024-08-07 09:23:42,BTCUSDT,ask,57200,584.335
2024-08-07 09:23:42,BTCUSDT,ask,57200,584.528
2024-08-07 09:23:42,BTCUSDT,ask,57200,584.528
2024-08-07 09:23:42,BTCUSDT,ask,57200,584.528
2024-08-07 09:23:47,BTCUSDT,ask,57200,584.536
2024-08-07 09:23:47,BTCUSDT,ask,57200,584.536
2024-08-07 09:23:47,BTCUSDT,ask,57200,584.536
2024-08-07 09:23:52,BTCUSDT,ask,57200,584.54
2024-08-07 09:23:52,BTCUSDT,ask,57200,584.54
2024-08-07 09:23:52,BTCUSDT,ask,57200,584.54
2024-08-07 09:23:56,BTCUSDT,ask,57100,527.213
2024-08-07 09:23:56,BTCUSDT,ask,57100,527.213
2024-08-07 09:23:56,BTCUSDT,ask,57100,527.213
2024-08-07 09:24:03,BTCUSDT,ask,57100,527.108
2024-08-07 09:24:03,BTCUSDT,ask,57100,527.108
2024-08-07 09:24:03,BTCUSDT,ask,57100,527.108
2024-08-07 09:24:08,BTCUSDT,ask,57100,527.11
2024-08-07 09:24:08,BTCUSDT,ask,57100,527.11
2024-08-07 09:24:08,BTCUSDT,ask,57100,527.11
2024-08-07 09:24:11,BTCUSDT,ask,57200,586.29
2024-08-07 09:24:11,BTCUSDT,ask,57200,586.29
2024-08-07 09:24:12,BTCUSDT,ask,57200,586.29
2024-08-07 09:24:12,BTCUSDT,ask,57200,586.271
2024-08-07 09:24:12,BTCUSDT,ask,57200,586.271
2024-08-07 09:24:12,BTCUSDT,ask,57200,586.271
2024-08-07 09:24:14,BTCUSDT,ask,57100,527.099
2024-08-07 09:24:14,BTCUSDT,ask,57100,527.099
2024-08-07 09:24:14,BTCUSDT,ask,57100,527.099
2024-08-07 09:24:16,BTCUSDT,ask,57200,586.883
2024-08-07 09:24:16,BTCUSDT,ask,57200,586.883
2024-08-07 09:24:16,BTCUSDT,ask,57200,586.883
2024-08-07 09:24:19,BTCUSDT,ask,57100,527.113
2024-08-07 09:24:19,BTCUSDT,ask,57100,527.113
2024-08-07 09:24:19,BTCUSDT,ask,57100,527.113
2024-08-07 09:24:21,BTCUSDT,ask,57200,576.883
2024-08-07 09:24:21,BTCUSDT,ask,57200,576.883
2024-08-07 09:24:21,BTCUSDT,ask,57200,576.883
2024-08-07 09:24:27,BTCUSDT,ask,57200,576.881
2024-08-07 09:24:27,BTCUSDT,ask,57200,576.881
2024-08-07 09:24:27,BTCUSDT,ask,57200,576.881
2024-08-07 09:24:32,BTCUSDT,ask,57100,527.109
2024-08-07 09:24:32,BTCUSDT,ask,57100,527.109
2024-08-07 09:24:32,BTCUSDT,ask,57100,527.109
2024-08-07 09:24:34,BTCUSDT,ask,57200,576.877
2024-08-07 09:24:34,BTCUSDT,ask,57200,576.877
2024-08-07 09:24:34,BTCUSDT,ask,57200,576.877
2024-08-07 09:24:35,BTCUSDT,ask,57100,527.22
2024-08-07 09:24:35,BTCUSDT,ask,57100,527.22
2024-08-07 09:24:35,BTCUSDT,ask,57100,527.22
2024-08-07 09:24:37,BTCUSDT,ask,57100,527.159
2024-08-07 09:24:37,BTCUSDT,ask,57100,527.159
2024-08-07 09:24:37,BTCUSDT,ask,57100,527.159
2024-08-07 09:24:38,BTCUSDT,bid,47000,877.939
2024-08-07 09:24:38,BTCUSDT,bid,47000,877.939
2024-08-07 09:24:38,BTCUSDT,bid,47000,877.939
2024-08-07 09:24:38,BTCUSDT,ask,57100,527.139
2024-08-07 09:24:38,BTCUSDT,ask,57100,527.139
2024-08-07 09:24:38,BTCUSDT,ask,57100,527.139
2024-08-07 09:24:38,BTCUSDT,ask,57100,527.131
2024-08-07 09:24:38,BTCUSDT,ask,57200,576.869
2024-08-07 09:24:38,BTCUSDT,ask,57100,527.131
2024-08-07 09:24:38,BTCUSDT,ask,57200,576.869
2024-08-07 09:24:39,BTCUSDT,ask,57100,527.131
2024-08-07 09:24:39,BTCUSDT,ask,57200,576.869
2024-08-07 09:24:39,BTCUSDT,ask,57100,527.134
2024-08-07 09:24:39,BTCUSDT,ask,57100,527.134
2024-08-07 09:24:40,BTCUSDT,ask,57100,527.134
2024-08-07 09:24:41,BTCUSDT,ask,57100,527.352
2024-08-07 09:24:41,BTCUSDT,ask,57100,527.352
2024-08-07 09:24:41,BTCUSDT,ask,57100,527.352
2024-08-07 09:24:45,BTCUSDT,ask,57100,527.272
2024-08-07 09:24:45,BTCUSDT,ask,57100,527.272
2024-08-07 09:24:45,BTCUSDT,ask,57100,527.272
2024-08-07 09:24:55,BTCUSDT,ask,57200,557.99
2024-08-07 09:24:55,BTCUSDT,ask,57200,557.99
2024-08-07 09:24:55,BTCUSDT,ask,57200,557.99
2024-08-07 09:24:56,BTCUSDT,ask,57200,557.501
2024-08-07 09:24:56,BTCUSDT,ask,57200,557.501
2024-08-07 09:24:57,BTCUSDT,ask,57200,557.499
2024-08-07 09:24:57,BTCUSDT,ask,57200,557.499
2024-08-07 09:24:57,BTCUSDT,ask,57200,557.501
2024-08-07 09:24:57,BTCUSDT,ask,57200,557.499
2024-08-07 09:25:04,BTCUSDT,ask,57200,557.499
2024-08-07 09:25:04,BTCUSDT,ask,57200,557.499
2024-08-07 09:25:04,BTCUSDT,ask,57200,557.499
2024-08-07 09:25:04,BTCUSDT,ask,57100,527.624
2024-08-07 09:25:04,BTCUSDT,ask,57100,527.624
2024-08-07 09:25:04,BTCUSDT,ask,57100,527.624
2024-08-07 09:25:06,BTCUSDT,ask,57100,527.615
2024-08-07 09:25:06,BTCUSDT,ask,57100,527.615
2024-08-07 09:25:06,BTCUSDT,ask,57100,527.615
2024-08-07 09:25:09,BTCUSDT,ask,57200,557.531
2024-08-07 09:25:09,BTCUSDT,ask,57200,557.531
2024-08-07 09:25:09,BTCUSDT,ask,57200,557.531
2024-08-07 09:25:11,BTCUSDT,ask,57200,557.533
2024-08-07 09:25:11,BTCUSDT,ask,57200,557.533
2024-08-07 09:25:11,BTCUSDT,ask,57200,557.533
2024-08-07 09:25:16,BTCUSDT,ask,57100,528.412
2024-08-07 09:25:16,BTCUSDT,ask,57100,528.412
2024-08-07 09:25:16,BTCUSDT,ask,57100,528.412
2024-08-07 09:25:18,BTCUSDT,ask,57100,528.412
2024-08-07 09:25:18,BTCUSDT,ask,57200,555.785
2024-08-07 09:25:18,BTCUSDT,ask,57100,528.412
2024-08-07 09:25:18,BTCUSDT,ask,57200,555.785
2024-08-07 09:25:18,BTCUSDT,ask,57100,528.412
2024-08-07 09:25:18,BTCUSDT,ask,57200,555.785
2024-08-07 09:25:22,BTCUSDT,ask,57200,555.856
2024-08-07 09:25:22,BTCUSDT,ask,57200,555.856
2024-08-07 09:25:22,BTCUSDT,ask,57200,555.856
2024-08-07 09:25:25,BTCUSDT,ask,57200,555.93
2024-08-07 09:25:25,BTCUSDT,ask,57200,555.93
2024-08-07 09:25:25,BTCUSDT,ask,57200,555.93
2024-08-07 09:25:27,BTCUSDT,ask,57100,528.558
2024-08-07 09:25:27,BTCUSDT,ask,57200,555.828
2024-08-07 09:25:27,BTCUSDT,ask,57100,528.558
2024-08-07 09:25:27,BTCUSDT,ask,57200,555.828
2024-08-07 09:25:27,BTCUSDT,ask,57100,528.558
2024-08-07 09:25:27,BTCUSDT,ask,57200,555.828
2024-08-07 09:25:29,BTCUSDT,ask,57100,527.508
2024-08-07 09:25:29,BTCUSDT,ask,57100,527.508
2024-08-07 09:25:29,BTCUSDT,ask,57100,527.508
2024-08-07 09:25:35,BTCUSDT,ask,57100,528.008
2024-08-07 09:25:35,BTCUSDT,ask,57100,528.008
2024-08-07 09:25:35,BTCUSDT,ask,57100,528.008
2024-08-07 09:25:39,BTCUSDT,ask,57100,527.278
2024-08-07 09:25:39,BTCUSDT,ask,57100,527.278
2024-08-07 09:25:39,BTCUSDT,ask,57100,527.278
2024-08-07 09:25:40,BTCUSDT,ask,57100,527.295
2024-08-07 09:25:40,BTCUSDT,ask,57100,527.295
2024-08-07 09:25:40,BTCUSDT,ask,57100,527.295
2024-08-07 09:25:49,BTCUSDT,ask,57200,555.926
2024-08-07 09:25:49,BTCUSDT,ask,57200,555.926
2024-08-07 09:25:49,BTCUSDT,ask,57200,555.926
2024-08-07 09:25:51,BTCUSDT,ask,57100,527.345
2024-08-07 09:25:51,BTCUSDT,ask,57100,527.345
2024-08-07 09:25:52,BTCUSDT,ask,57100,527.345
2024-08-07 09:25:53,BTCUSDT,ask,57100,527.373
2024-08-07 09:25:53,BTCUSDT,ask,57100,527.373
2024-08-07 09:25:53,BTCUSDT,ask,57100,527.373
2024-08-07 09:25:53,BTCUSDT,ask,57200,555.923
2024-08-07 09:25:53,BTCUSDT,ask,57200,555.923
2024-08-07 09:25:54,BTCUSDT,ask,57200,555.923
2024-08-07 09:25:55,BTCUSDT,ask,57100,527.36
2024-08-07 09:25:55,BTCUSDT,ask,57100,527.36
2024-08-07 09:25:56,BTCUSDT,ask,57100,527.36
2024-08-07 09:25:59,BTCUSDT,ask,57100,527.347
2024-08-07 09:25:59,BTCUSDT,ask,57100,527.347
2024-08-07 09:25:59,BTCUSDT,ask,57100,527.347
2024-08-07 09:26:00,BTCUSDT,ask,57200,555.227
2024-08-07 09:26:00,BTCUSDT,ask,57200,555.227
2024-08-07 09:26:00,BTCUSDT,ask,57200,555.227
2024-08-07 09:26:00,BTCUSDT,ask,57100,525.633
2024-08-07 09:26:00,BTCUSDT,ask,57100,525.633
2024-08-07 09:26:00,BTCUSDT,ask,57200,555.24
2024-08-07 09:26:00,BTCUSDT,ask,57200,555.24
2024-08-07 09:26:00,BTCUSDT,ask,57100,525.633
2024-08-07 09:26:00,BTCUSDT,ask,57100,525.635
2024-08-07 09:26:00,BTCUSDT,ask,57100,525.635
2024-08-07 09:26:00,BTCUSDT,ask,57200,555.24
2024-08-07 09:26:00,BTCUSDT,ask,57100,525.635
2024-08-07 09:26:01,BTCUSDT,ask,57100,525.723
2024-08-07 09:26:01,BTCUSDT,ask,57100,525.723
2024-08-07 09:26:01,BTCUSDT,ask,57100,525.723
2024-08-07 09:26:01,BTCUSDT,ask,57100,525.635
2024-08-07 09:26:01,BTCUSDT,ask,57100,525.635
2024-08-07 09:26:01,BTCUSDT,ask,57100,525.635
2024-08-07 09:26:01,BTCUSDT,ask,57100,525.635
2024-08-07 09:26:01,BTCUSDT,ask,57100,525.635
2024-08-07 09:26:01,BTCUSDT,ask,57100,525.635
2024-08-07 09:26:03,BTCUSDT,ask,57100,525.722
2024-08-07 09:26:03,BTCUSDT,ask,57100,525.722
2024-08-07 09:26:03,BTCUSDT,ask,57100,525.722
2024-08-07 09:26:03,BTCUSDT,ask,57100,525.687
2024-08-07 09:26:03,BTCUSDT,ask,57100,525.687
2024-08-07 09:26:04,BTCUSDT,ask,57100,525.687
2024-08-07 09:26:04,BTCUSDT,ask,57100,525.722
2024-08-07 09:26:04,BTCUSDT,ask,57100,525.722
2024-08-07 09:26:04,BTCUSDT,ask,57100,525.687
2024-08-07 09:26:04,BTCUSDT,ask,57100,525.687
2024-08-07 09:26:04,BTCUSDT,ask,57100,525.722
2024-08-07 09:26:04,BTCUSDT,ask,57100,525.687
2024-08-07 09:26:05,BTCUSDT,ask,57100,525.689
2024-08-07 09:26:05,BTCUSDT,ask,57100,525.689
2024-08-07 09:26:05,BTCUSDT,ask,57100,525.689
2024-08-07 09:26:05,BTCUSDT,ask,57100,525.687
2024-08-07 09:26:05,BTCUSDT,ask,57100,525.687
2024-08-07 09:26:05,BTCUSDT,ask,57100,525.687
2024-08-07 09:26:05,BTCUSDT,ask,57100,525.685
2024-08-07 09:26:05,BTCUSDT,ask,57100,525.685
2024-08-07 09:26:05,BTCUSDT,ask,57100,525.685
2024-08-07 09:26:06,BTCUSDT,ask,57100,525.687
2024-08-07 09:26:06,BTCUSDT,ask,57100,525.687
2024-08-07 09:26:06,BTCUSDT,ask,57100,525.687
2024-08-07 09:26:06,BTCUSDT,ask,57100,525.691
2024-08-07 09:26:06,BTCUSDT,ask,57100,525.691
2024-08-07 09:26:06,BTCUSDT,ask,57100,525.691
2024-08-07 09:26:06,BTCUSDT,ask,57100,525.689
2024-08-07 09:26:06,BTCUSDT,ask,57100,525.689
2024-08-07 09:26:06,BTCUSDT,ask,57100,525.689
2024-08-07 09:26:06,BTCUSDT,ask,57100,525.794
2024-08-07 09:26:06,BTCUSDT,ask,57200,555.227
2024-08-07 09:26:06,BTCUSDT,ask,57100,525.794
2024-08-07 09:26:06,BTCUSDT,ask,57200,555.227
2024-08-07 09:26:06,BTCUSDT,ask,57100,525.794
2024-08-07 09:26:06,BTCUSDT,ask,57200,555.227
2024-08-07 09:26:06,BTCUSDT,ask,57100,525.689
2024-08-07 09:26:06,BTCUSDT,ask,57100,525.689
2024-08-07 09:26:06,BTCUSDT,ask,57100,525.687
2024-08-07 09:26:06,BTCUSDT,ask,57100,525.687
2024-08-07 09:26:06,BTCUSDT,ask,57100,525.689
2024-08-07 09:26:06,BTCUSDT,ask,57100,525.687
2024-08-07 09:26:07,BTCUSDT,ask,57100,525.689
2024-08-07 09:26:07,BTCUSDT,ask,57200,555.199
2024-08-07 09:26:07,BTCUSDT,ask,57100,525.689
2024-08-07 09:26:07,BTCUSDT,ask,57200,555.199
2024-08-07 09:26:07,BTCUSDT,ask,57100,525.689
2024-08-07 09:26:07,BTCUSDT,ask,57200,555.199
2024-08-07 09:26:07,BTCUSDT,ask,57100,525.687
2024-08-07 09:26:07,BTCUSDT,ask,57100,525.687
2024-08-07 09:26:07,BTCUSDT,ask,57100,525.687
2024-08-07 09:26:07,BTCUSDT,ask,57100,525.687
2024-08-07 09:26:07,BTCUSDT,ask,57200,555.226
2024-08-07 09:26:07,BTCUSDT,ask,57100,525.687
2024-08-07 09:26:07,BTCUSDT,ask,57200,555.226
2024-08-07 09:26:07,BTCUSDT,ask,57100,525.687
2024-08-07 09:26:07,BTCUSDT,ask,57200,555.226
2024-08-07 09:26:07,BTCUSDT,ask,57100,525.685
2024-08-07 09:26:07,BTCUSDT,ask,57100,525.685
2024-08-07 09:26:07,BTCUSDT,ask,57100,525.685
2024-08-07 09:26:08,BTCUSDT,ask,57100,525.687
2024-08-07 09:26:08,BTCUSDT,ask,57100,525.687
2024-08-07 09:26:08,BTCUSDT,ask,57100,525.685
2024-08-07 09:26:08,BTCUSDT,ask,57100,525.685
2024-08-07 09:26:08,BTCUSDT,ask,57100,525.687
2024-08-07 09:26:08,BTCUSDT,ask,57100,525.685
2024-08-07 09:26:08,BTCUSDT,ask,57100,525.771
2024-08-07 09:26:08,BTCUSDT,ask,57100,525.771
2024-08-07 09:26:08,BTCUSDT,ask,57100,525.771
2024-08-07 09:26:08,BTCUSDT,ask,57100,525.685
2024-08-07 09:26:08,BTCUSDT,ask,57200,555.224
2024-08-07 09:26:08,BTCUSDT,ask,57100,525.685
2024-08-07 09:26:08,BTCUSDT,ask,57200,555.224
2024-08-07 09:26:08,BTCUSDT,ask,57100,525.685
2024-08-07 09:26:08,BTCUSDT,ask,57200,555.224
2024-08-07 09:26:08,BTCUSDT,ask,57100,525.683
2024-08-07 09:26:08,BTCUSDT,ask,57100,525.683
2024-08-07 09:26:08,BTCUSDT,ask,57100,525.683
2024-08-07 09:26:09,BTCUSDT,ask,57100,525.689
2024-08-07 09:26:09,BTCUSDT,ask,57100,525.689
2024-08-07 09:26:09,BTCUSDT,ask,57100,525.691
2024-08-07 09:26:09,BTCUSDT,ask,57100,525.691
2024-08-07 09:26:09,BTCUSDT,ask,57100,525.689
2024-08-07 09:26:09,BTCUSDT,ask,57100,525.691
2024-08-07 09:26:09,BTCUSDT,ask,57100,525.689
2024-08-07 09:26:09,BTCUSDT,ask,57100,525.689
2024-08-07 09:26:09,BTCUSDT,ask,57100,525.689
2024-08-07 09:26:10,BTCUSDT,ask,57100,525.713
2024-08-07 09:26:10,BTCUSDT,ask,57100,525.713
2024-08-07 09:26:10,BTCUSDT,ask,57100,525.713
2024-08-07 09:26:11,BTCUSDT,ask,57100,525.813
2024-08-07 09:26:11,BTCUSDT,ask,57100,525.813
2024-08-07 09:26:11,BTCUSDT,ask,57100,525.813
2024-08-07 09:26:11,BTCUSDT,ask,57200,555.226
2024-08-07 09:26:11,BTCUSDT,ask,57200,555.226
2024-08-07 09:26:11,BTCUSDT,ask,57200,555.226
2024-08-07 09:26:12,BTCUSDT,ask,57100,525.815
2024-08-07 09:26:12,BTCUSDT,ask,57100,525.815
2024-08-07 09:26:12,BTCUSDT,ask,57100,525.817
2024-08-07 09:26:12,BTCUSDT,ask,57200,555.229
2024-08-07 09:26:12,BTCUSDT,ask,57100,525.817
2024-08-07 09:26:12,BTCUSDT,ask,57200,555.229
2024-08-07 09:26:12,BTCUSDT,ask,57100,525.78
2024-08-07 09:26:12,BTCUSDT,ask,57100,525.78
2024-08-07 09:26:12,BTCUSDT,ask,57100,525.815
2024-08-07 09:26:12,BTCUSDT,ask,57100,525.817
2024-08-07 09:26:12,BTCUSDT,ask,57200,555.229
2024-08-07 09:26:12,BTCUSDT,ask,57100,525.78
2024-08-07 09:26:12,BTCUSDT,ask,57100,525.778
2024-08-07 09:26:12,BTCUSDT,ask,57100,525.778
2024-08-07 09:26:12,BTCUSDT,ask,57100,525.778
2024-08-07 09:26:12,BTCUSDT,ask,57200,555.898
2024-08-07 09:26:12,BTCUSDT,ask,57200,555.898
2024-08-07 09:26:12,BTCUSDT,ask,57200,555.898
2024-08-07 09:26:13,BTCUSDT,ask,57100,525.832
2024-08-07 09:26:13,BTCUSDT,ask,57100,525.832
2024-08-07 09:26:13,BTCUSDT,ask,57100,525.832
2024-08-07 09:26:13,BTCUSDT,ask,57100,525.832
2024-08-07 09:26:13,BTCUSDT,ask,57100,525.83
2024-08-07 09:26:13,BTCUSDT,ask,57100,525.83
2024-08-07 09:26:13,BTCUSDT,ask,57100,525.832
2024-08-07 09:26:13,BTCUSDT,ask,57100,525.832
2024-08-07 09:26:13,BTCUSDT,ask,57100,525.83
2024-08-07 09:26:14,BTCUSDT,ask,57100,525.84
2024-08-07 09:26:14,BTCUSDT,ask,57100,525.84
2024-08-07 09:26:14,BTCUSDT,ask,57100,525.84
2024-08-07 09:26:14,BTCUSDT,ask,57100,525.842
2024-08-07 09:26:14,BTCUSDT,ask,57200,555.906
2024-08-07 09:26:14,BTCUSDT,ask,57100,525.842
2024-08-07 09:26:14,BTCUSDT,ask,57200,555.906
2024-08-07 09:26:14,BTCUSDT,ask,57100,525.842
2024-08-07 09:26:14,BTCUSDT,ask,57200,555.906
2024-08-07 09:26:15,BTCUSDT,ask,57100,526.342
2024-08-07 09:26:15,BTCUSDT,ask,57100,526.342
2024-08-07 09:26:15,BTCUSDT,ask,57100,526.342
2024-08-07 09:26:15,BTCUSDT,ask,57200,555.904
2024-08-07 09:26:15,BTCUSDT,ask,57200,555.904
2024-08-07 09:26:15,BTCUSDT,ask,57200,555.904
2024-08-07 09:26:15,BTCUSDT,ask,57100,526.292
2024-08-07 09:26:15,BTCUSDT,ask,57100,526.292
2024-08-07 09:26:15,BTCUSDT,ask,57100,526.292
2024-08-07 09:26:16,BTCUSDT,ask,57100,526.294
2024-08-07 09:26:16,BTCUSDT,ask,57100,526.294
2024-08-07 09:26:16,BTCUSDT,ask,57100,526.294
2024-08-07 09:26:16,BTCUSDT,ask,57100,526.382
2024-08-07 09:26:16,BTCUSDT,ask,57100,526.382
2024-08-07 09:26:16,BTCUSDT,ask,57100,526.382
2024-08-07 09:26:16,BTCUSDT,ask,57100,526.294
2024-08-07 09:26:16,BTCUSDT,ask,57100,526.294
2024-08-07 09:26:16,BTCUSDT,ask,57100,526.278
2024-08-07 09:26:16,BTCUSDT,ask,57100,526.278
2024-08-07 09:26:16,BTCUSDT,ask,57100,526.294
2024-08-07 09:26:16,BTCUSDT,ask,57100,526.278
2024-08-07 09:26:17,BTCUSDT,ask,57100,526.28
2024-08-07 09:26:17,BTCUSDT,ask,57100,526.28
2024-08-07 09:26:17,BTCUSDT,ask,57100,526.28
2024-08-07 09:26:17,BTCUSDT,ask,57100,526.278
2024-08-07 09:26:17,BTCUSDT,ask,57100,526.278
2024-08-07 09:26:17,BTCUSDT,ask,57100,526.278
2024-08-07 09:26:17,BTCUSDT,ask,57100,526.28
2024-08-07 09:26:17,BTCUSDT,ask,57100,526.28
2024-08-07 09:26:17,BTCUSDT,ask,57200,555.891
2024-08-07 09:26:17,BTCUSDT,ask,57200,555.891
2024-08-07 09:26:17,BTCUSDT,ask,57100,526.28
2024-08-07 09:26:17,BTCUSDT,ask,57200,555.891
2024-08-07 09:26:19,BTCUSDT,ask,57100,526.292
2024-08-07 09:26:19,BTCUSDT,ask,57100,526.292
2024-08-07 09:26:19,BTCUSDT,ask,57100,526.292
2024-08-07 09:26:19,BTCUSDT,ask,57100,526.294
2024-08-07 09:26:19,BTCUSDT,ask,57100,526.294
2024-08-07 09:26:20,BTCUSDT,ask,57100,526.294
2024-08-07 09:26:20,BTCUSDT,ask,57100,526.292
2024-08-07 09:26:20,BTCUSDT,ask,57100,526.292
2024-08-07 09:26:21,BTCUSDT,ask,57100,526.292
2024-08-07 09:26:21,BTCUSDT,ask,57100,526.492
2024-08-07 09:26:21,BTCUSDT,ask,57100,526.492
2024-08-07 09:26:21,BTCUSDT,ask,57100,526.492
2024-08-07 09:26:22,BTCUSDT,ask,57100,536.492
2024-08-07 09:26:22,BTCUSDT,ask,57100,536.492
2024-08-07 09:26:22,BTCUSDT,ask,57100,536.494
2024-08-07 09:26:22,BTCUSDT,ask,57100,536.494
2024-08-07 09:26:22,BTCUSDT,ask,57100,536.492
2024-08-07 09:26:22,BTCUSDT,ask,57100,536.494
2024-08-07 09:26:22,BTCUSDT,ask,57200,555.934
2024-08-07 09:26:22,BTCUSDT,ask,57200,555.934
2024-08-07 09:26:22,BTCUSDT,ask,57200,555.934
2024-08-07 09:26:23,BTCUSDT,ask,57100,536.496
2024-08-07 09:26:23,BTCUSDT,ask,57100,536.496
2024-08-07 09:26:23,BTCUSDT,ask,57100,536.496
2024-08-07 09:26:23,BTCUSDT,ask,57100,536.629
2024-08-07 09:26:23,BTCUSDT,ask,57100,536.629
2024-08-07 09:26:23,BTCUSDT,ask,57100,536.629
2024-08-07 09:26:23,BTCUSDT,ask,57100,536.629
2024-08-07 09:26:23,BTCUSDT,ask,57100,536.648
2024-08-07 09:26:23,BTCUSDT,ask,57100,536.648
2024-08-07 09:26:23,BTCUSDT,ask,57100,536.629
2024-08-07 09:26:23,BTCUSDT,ask,57100,536.629
2024-08-07 09:26:23,BTCUSDT,ask,57100,536.648
2024-08-07 09:26:23,BTCUSDT,ask,57100,536.646
2024-08-07 09:26:23,BTCUSDT,ask,57100,536.646
2024-08-07 09:26:23,BTCUSDT,ask,57100,536.646
2024-08-07 09:26:23,BTCUSDT,ask,57100,535.536
2024-08-07 09:26:23,BTCUSDT,ask,57100,535.536
2024-08-07 09:26:23,BTCUSDT,ask,57100,535.536
2024-08-07 09:26:23,BTCUSDT,ask,57100,535.541
2024-08-07 09:26:23,BTCUSDT,ask,57100,535.541
2024-08-07 09:26:24,BTCUSDT,ask,57100,535.541
2024-08-07 09:26:24,BTCUSDT,ask,57100,535.543
2024-08-07 09:26:24,BTCUSDT,ask,57100,535.543
2024-08-07 09:26:24,BTCUSDT,ask,57100,535.543
2024-08-07 09:26:24,BTCUSDT,ask,57100,535.547
2024-08-07 09:26:24,BTCUSDT,ask,57100,535.547
2024-08-07 09:26:24,BTCUSDT,ask,57100,535.547
2024-08-07 09:26:24,BTCUSDT,ask,57100,535.541
2024-08-07 09:26:24,BTCUSDT,ask,57100,535.541
2024-08-07 09:26:24,BTCUSDT,ask,57100,535.541
2024-08-07 09:26:25,BTCUSDT,ask,57200,555.944
2024-08-07 09:26:25,BTCUSDT,ask,57200,555.944
2024-08-07 09:26:25,BTCUSDT,ask,57200,555.944
2024-08-07 09:26:25,BTCUSDT,ask,57200,555.946
2024-08-07 09:26:25,BTCUSDT,ask,57200,555.946
2024-08-07 09:26:25,BTCUSDT,ask,57200,555.946
2024-08-07 09:26:26,BTCUSDT,ask,57200,555.944
2024-08-07 09:26:26,BTCUSDT,ask,57200,555.944
2024-08-07 09:26:26,BTCUSDT,ask,57200,555.944
2024-08-07 09:26:26,BTCUSDT,ask,57200,556.144
2024-08-07 09:26:26,BTCUSDT,ask,57200,556.144
2024-08-07 09:26:26,BTCUSDT,ask,57200,556.144
2024-08-07 09:26:29,BTCUSDT,ask,57200,556.023
2024-08-07 09:26:29,BTCUSDT,ask,57200,556.023
2024-08-07 09:26:29,BTCUSDT,ask,57200,556.023
2024-08-07 09:26:34,BTCUSDT,ask,57200,556.218
2024-08-07 09:26:34,BTCUSDT,ask,57200,556.218
2024-08-07 09:26:34,BTCUSDT,ask,57200,556.218
2024-08-07 09:26:34,BTCUSDT,ask,57200,556.232
2024-08-07 09:26:34,BTCUSDT,ask,57200,556.232
2024-08-07 09:26:34,BTCUSDT,ask,57200,556.232
2024-08-07 09:26:34,BTCUSDT,ask,57200,556.244
