2024-08-09 00:00:22,BTCUSDT,bid,54000,557.039
2024-08-09 00:00:34,BTCUSDT,bid,47500,639.108
2024-08-09 00:00:54,BTCUSDT,bid,54000,557.131
2024-08-09 00:01:18,BTCUSDT,bid,54000,557.133
2024-08-09 00:02:39,BTCUSDT,bid,54000,557.125
2024-08-09 00:03:50,BTCUSDT,bid,54000,557.034
2024-08-09 00:04:27,BTCUSDT,bid,47000,860.522
2024-08-09 00:05:19,BTCUSDT,bid,54000,557.179
2024-08-09 00:05:42,BTCUSDT,bid,54000,557.161
2024-08-09 00:05:54,BTCUSDT,bid,54000,557.143
2024-08-09 00:07:36,BTCUSDT,bid,54000,557.141
2024-08-09 00:08:52,BTCUSDT,bid,54000,557.101
2024-08-09 00:09:05,BTCUSDT,bid,54000,557.085
2024-08-09 00:10:19,BTCUSDT,bid,54000,557.08
2024-08-09 00:10:37,BTCUSDT,bid,54000,556.012
2024-08-09 00:10:55,BTCUSDT,bid,54000,556.008
2024-08-09 00:12:07,BTCUSDT,bid,47000,860.416
2024-08-09 00:14:05,BTCUSDT,bid,54000,556.015
2024-08-09 00:14:39,BTCUSDT,bid,47500,638.965
2024-08-09 00:14:39,BTCUSDT,bid,54000,556.008
2024-08-09 00:14:51,BTCUSDT,bid,47000,860.406
2024-08-09 00:14:55,BTCUSDT,bid,54000,556.015
2024-08-09 00:16:36,BTCUSDT,bid,54000,555.965
2024-08-09 00:16:53,BTCUSDT,bid,54000,556.481
2024-08-09 00:17:54,BTCUSDT,bid,54000,556.412
2024-08-09 00:18:52,BTCUSDT,bid,54000,556.414
2024-08-09 00:19:33,BTCUSDT,bid,54000,556.402
2024-08-09 00:20:22,BTCUSDT,bid,54000,556.4
2024-08-09 00:21:35,BTCUSDT,bid,54000,556.405
2024-08-09 00:22:59,BTCUSDT,bid,54000,556.493
2024-08-09 00:23:10,BTCUSDT,bid,54000,556.488
2024-08-09 00:26:55,BTCUSDT,bid,47500,638.923
2024-08-09 00:27:29,BTCUSDT,bid,54000,556.49
2024-08-09 00:31:02,BTCUSDT,bid,54000,556.47
2024-08-09 00:31:37,BTCUSDT,bid,54000,556.48
2024-08-09 00:34:11,BTCUSDT,bid,47000,860.367
2024-08-09 00:36:38,BTCUSDT,bid,54000,556.478
2024-08-09 00:37:50,BTCUSDT,bid,54000,556.481
2024-08-09 00:38:09,BTCUSDT,bid,54000,556.476
2024-08-09 00:38:17,BTCUSDT,bid,54000,556.585
2024-08-09 00:38:44,BTCUSDT,bid,47000,860.317
2024-08-09 00:38:44,BTCUSDT,bid,47500,638.873
2024-08-09 00:38:55,BTCUSDT,bid,54000,556.597
2024-08-09 00:40:18,BTCUSDT,bid,54000,556.505
2024-08-09 00:41:21,BTCUSDT,bid,54000,556.507
2024-08-09 00:42:15,BTCUSDT,bid,47000,860.327
2024-08-09 00:42:24,BTCUSDT,bid,54000,556.51
2024-08-09 00:43:12,BTCUSDT,bid,47500,638.787
2024-08-09 00:43:41,BTCUSDT,bid,47000,860.346
2024-08-09 00:49:36,BTCUSDT,bid,47300,807.249
2024-08-09 01:07:12,BTCUSDT,bid,47500,638.652
2024-08-09 01:15:55,BTCUSDT,bid,47000,860.349
2024-08-09 01:16:10,BTCUSDT,bid,47000,860.346
2024-08-09 01:20:53,BTCUSDT,bid,47000,860.246
2024-08-09 01:26:16,BTCUSDT,bid,47000,860.243
2024-08-09 01:26:41,BTCUSDT,bid,47000,860.232
2024-08-09 01:47:51,BTCUSDT,bid,47000,860.229
2024-08-09 01:50:00,BTCUSDT,bid,47500,638.655
2024-08-09 01:50:00,BTCUSDT,bid,47500,638.652
2024-08-09 01:56:18,BTCUSDT,bid,47500,638.655
2024-08-09 01:58:44,BTCUSDT,bid,47500,638.652
2024-08-09 02:15:02,BTCUSDT,bid,47000,860.153
2024-08-09 02:17:14,BTCUSDT,bid,47000,860.279
2024-08-09 02:45:01,BTCUSDT,bid,47000,860.275
2024-08-09 02:45:01,BTCUSDT,bid,47300,807.245
2024-08-09 02:45:01,BTCUSDT,bid,47500,638.648
2024-08-09 02:59:33,BTCUSDT,bid,47000,860.175
2024-08-09 03:21:57,BTCUSDT,bid,47000,860.52
2024-08-09 03:34:30,BTCUSDT,bid,47000,860.308
2024-08-09 03:34:30,BTCUSDT,bid,47500,638.438
2024-08-09 03:37:18,BTCUSDT,bid,47000,860.322
2024-08-09 03:37:20,BTCUSDT,bid,47000,860.336
2024-08-09 03:37:21,BTCUSDT,bid,47000,860.35
2024-08-09 03:37:23,BTCUSDT,bid,47000,860.364
2024-08-09 03:37:24,BTCUSDT,bid,47000,860.378
2024-08-09 03:37:25,BTCUSDT,bid,47000,860.392
2024-08-09 03:37:30,BTCUSDT,bid,47000,860.406
2024-08-09 03:37:32,BTCUSDT,bid,47000,860.42
2024-08-09 03:37:33,BTCUSDT,bid,47000,860.434
2024-08-09 03:37:35,BTCUSDT,bid,47000,860.448
2024-08-09 03:40:54,BTCUSDT,bid,47500,638.441
2024-08-09 03:42:40,BTCUSDT,bid,47000,860.451
2024-08-09 03:52:56,BTCUSDT,bid,47500,638.366
2024-08-09 04:02:16,BTCUSDT,bid,47000,860.448
2024-08-09 04:03:07,BTCUSDT,bid,47000,860.648
2024-08-09 04:06:36,BTCUSDT,bid,47500,638.484
2024-08-09 04:21:27,BTCUSDT,bid,47000,860.436
2024-08-09 04:21:29,BTCUSDT,bid,47300,807.034
2024-08-09 04:29:19,BTCUSDT,bid,47500,638.389
2024-08-09 04:42:28,BTCUSDT,bid,47000,860.361
2024-08-09 04:42:28,BTCUSDT,bid,47300,807.031
2024-08-09 04:42:28,BTCUSDT,bid,47500,638.386
2024-08-09 04:42:29,BTCUSDT,bid,47000,860.306
2024-08-09 04:42:34,BTCUSDT,bid,47000,860.303
2024-08-09 04:45:20,BTCUSDT,bid,47000,860.307
2024-08-09 04:45:21,BTCUSDT,bid,47500,638.344
2024-08-09 04:45:21,BTCUSDT,bid,47000,860.282
2024-08-09 04:45:21,BTCUSDT,bid,47300,806.981
2024-08-09 04:45:21,BTCUSDT,bid,47500,638.319
2024-08-09 04:45:55,BTCUSDT,bid,47000,863.282
2024-08-09 04:53:29,BTCUSDT,bid,47000,863.274
2024-08-09 04:53:45,BTCUSDT,bid,47000,863.264
2024-08-09 04:54:36,BTCUSDT,bid,47000,863.254
2024-08-09 04:58:38,BTCUSDT,bid,47000,863.219
2024-08-09 04:59:33,BTCUSDT,bid,47000,862.874
2024-08-09 05:00:24,BTCUSDT,bid,47300,806.983
2024-08-09 05:02:12,BTCUSDT,bid,47000,862.871
2024-08-09 05:02:44,BTCUSDT,bid,47000,862.859
2024-08-09 05:03:43,BTCUSDT,bid,47000,862.751
2024-08-09 05:03:46,BTCUSDT,bid,47000,862.744
2024-08-09 05:03:46,BTCUSDT,bid,47500,638.312
2024-08-09 05:05:16,BTCUSDT,bid,47000,862.71
2024-08-09 05:08:26,BTCUSDT,bid,47000,862.891
2024-08-09 05:09:49,BTCUSDT,bid,47000,862.751
2024-08-09 05:10:31,BTCUSDT,bid,47500,638.206
2024-08-09 05:10:38,BTCUSDT,bid,47000,862.747
2024-08-09 05:10:56,BTCUSDT,bid,47000,862.853
2024-08-09 05:14:13,BTCUSDT,bid,47000,860.194
2024-08-09 05:14:48,BTCUSDT,bid,47500,638.216
2024-08-09 05:14:59,BTCUSDT,ask,60700,856.568
2024-08-09 05:14:59,BTCUSDT,ask,60700,852.548
2024-08-09 05:15:00,BTCUSDT,ask,60700,852.398
2024-08-09 05:15:04,BTCUSDT,ask,60700,852.404
2024-08-09 05:15:07,BTCUSDT,ask,60700,852.41
2024-08-09 05:15:07,BTCUSDT,ask,60700,852.413
2024-08-09 05:15:08,BTCUSDT,ask,60700,852.41
2024-08-09 05:15:10,BTCUSDT,ask,60700,852.414
2024-08-09 05:15:14,BTCUSDT,ask,60700,852.808
2024-08-09 05:15:15,BTCUSDT,ask,60700,853.31
2024-08-09 05:15:16,BTCUSDT,ask,60700,852.811
2024-08-09 05:15:19,BTCUSDT,ask,60700,852.421
2024-08-09 05:15:21,BTCUSDT,ask,60700,852.423
2024-08-09 05:15:22,BTCUSDT,ask,60700,852.419
2024-08-09 05:15:23,BTCUSDT,ask,60700,852.415
2024-08-09 05:15:30,BTCUSDT,ask,60700,852.578
2024-08-09 05:15:32,BTCUSDT,ask,60700,852.583
2024-08-09 05:15:33,BTCUSDT,ask,60700,852.756
2024-08-09 05:15:35,BTCUSDT,ask,60700,853.085
2024-08-09 05:15:35,BTCUSDT,ask,60700,852.765
2024-08-09 05:15:46,BTCUSDT,ask,60700,852.614
2024-08-09 05:15:47,BTCUSDT,ask,60700,852.696
2024-08-09 05:15:54,BTCUSDT,ask,60700,852.589
2024-08-09 05:16:08,BTCUSDT,ask,60700,852.589
2024-08-09 05:16:11,BTCUSDT,ask,60700,852.589
2024-08-09 05:16:13,BTCUSDT,ask,60700,852.855
2024-08-09 05:16:19,BTCUSDT,ask,60700,852.334
2024-08-09 05:16:26,BTCUSDT,ask,60700,852.424
2024-08-09 05:16:27,BTCUSDT,ask,60700,852.468
2024-08-09 05:16:33,BTCUSDT,ask,60700,852.474
2024-08-09 05:16:40,BTCUSDT,ask,60700,852.459
2024-08-09 05:16:41,BTCUSDT,ask,60700,852.627
2024-08-09 05:16:43,BTCUSDT,ask,60700,852.53
2024-08-09 05:16:44,BTCUSDT,ask,60700,852.867
2024-08-09 05:16:45,BTCUSDT,ask,60700,852.779
2024-08-09 05:16:45,BTCUSDT,ask,60700,852.427
2024-08-09 05:16:46,BTCUSDT,ask,60700,852.944
2024-08-09 05:16:46,BTCUSDT,ask,60700,852.779
2024-08-09 05:16:46,BTCUSDT,ask,60700,852.776
2024-08-09 05:16:46,BTCUSDT,ask,60700,852.776
2024-08-09 05:16:47,BTCUSDT,ask,60700,852.816
2024-08-09 05:16:48,BTCUSDT,ask,60700,852.776
2024-08-09 05:16:49,BTCUSDT,ask,60700,852.789
2024-08-09 05:16:49,BTCUSDT,ask,60700,853.109
2024-08-09 05:16:49,BTCUSDT,ask,60700,853.113
2024-08-09 05:16:52,BTCUSDT,ask,60700,855.553
2024-08-09 05:16:54,BTCUSDT,ask,60700,855.568
2024-08-09 05:16:58,BTCUSDT,ask,60700,855.596
2024-08-09 05:16:59,BTCUSDT,ask,60700,855.616
2024-08-09 05:17:00,BTCUSDT,ask,60700,856.096
2024-08-09 05:17:00,BTCUSDT,ask,60700,855.596
2024-08-09 05:17:01,BTCUSDT,ask,60700,852.824
2024-08-09 05:17:03,BTCUSDT,ask,60700,852.859
2024-08-09 05:17:04,BTCUSDT,ask,60700,852.949
2024-08-09 05:17:05,BTCUSDT,ask,60700,852.951
2024-08-09 05:17:06,BTCUSDT,ask,60700,852.986
2024-08-09 05:17:06,BTCUSDT,ask,60700,852.949
2024-08-09 05:17:08,BTCUSDT,ask,60700,852.964
2024-08-09 05:17:08,BTCUSDT,ask,60700,852.966
2024-08-09 05:17:09,BTCUSDT,ask,60700,852.963
2024-08-09 05:17:11,BTCUSDT,ask,60700,852.988
2024-08-09 05:17:12,BTCUSDT,ask,60700,852.986
2024-08-09 05:17:16,BTCUSDT,ask,60700,852.808
2024-08-09 05:17:19,BTCUSDT,ask,60700,853.047
2024-08-09 05:17:19,BTCUSDT,ask,60700,853.167
2024-08-09 05:17:20,BTCUSDT,ask,60700,853.722
2024-08-09 05:17:21,BTCUSDT,ask,60700,853.23
2024-08-09 05:17:24,BTCUSDT,ask,60700,853.23
2024-08-09 05:17:26,BTCUSDT,ask,60700,853.237
2024-08-09 05:17:32,BTCUSDT,ask,60700,853.527
2024-08-09 05:17:32,BTCUSDT,ask,60700,853.613
2024-08-09 05:17:32,BTCUSDT,ask,60700,853.527
2024-08-09 05:17:32,BTCUSDT,ask,60700,853.239
2024-08-09 05:17:33,BTCUSDT,ask,60700,853.236
2024-08-09 05:17:34,BTCUSDT,ask,60700,853.234
2024-08-09 05:17:35,BTCUSDT,ask,60700,853.404
2024-08-09 05:17:35,BTCUSDT,ask,60700,853.314
2024-08-09 05:17:35,BTCUSDT,ask,60700,853.314
2024-08-09 05:17:36,BTCUSDT,ask,60700,853.234
2024-08-09 05:17:36,BTCUSDT,ask,60700,853.237
2024-08-09 05:17:38,BTCUSDT,ask,60700,853.247
2024-08-09 05:17:38,BTCUSDT,ask,60700,853.55
2024-08-09 05:17:39,BTCUSDT,ask,60700,853.544
2024-08-09 05:17:40,BTCUSDT,ask,60700,853.244
2024-08-09 05:17:42,BTCUSDT,ask,60700,853.248
2024-08-09 05:17:42,BTCUSDT,ask,60700,853.25
2024-08-09 05:17:43,BTCUSDT,ask,60700,853.248
2024-08-09 05:17:45,BTCUSDT,ask,60700,853.253
2024-08-09 05:17:46,BTCUSDT,ask,60700,853.25
2024-08-09 05:17:46,BTCUSDT,ask,60700,853.246
2024-08-09 05:17:47,BTCUSDT,ask,60700,853.248
2024-08-09 05:17:47,BTCUSDT,ask,60700,853.248
2024-08-09 05:17:50,BTCUSDT,ask,60700,853.29
2024-08-09 05:17:50,BTCUSDT,ask,60700,853.248
2024-08-09 05:17:52,BTCUSDT,ask,60700,853.403
2024-08-09 05:17:52,BTCUSDT,ask,60700,853.248
2024-08-09 05:17:53,BTCUSDT,ask,60700,853.248
2024-08-09 05:17:53,BTCUSDT,ask,60700,853.246
2024-08-09 05:17:53,BTCUSDT,ask,60700,853.392
2024-08-09 05:17:53,BTCUSDT,ask,60700,853.246
2024-08-09 05:17:53,BTCUSDT,ask,60700,853.248
2024-08-09 05:17:54,BTCUSDT,ask,60700,853.368
2024-08-09 05:17:54,BTCUSDT,ask,60700,853.248
2024-08-09 05:17:55,BTCUSDT,ask,60700,853.25
2024-08-09 05:17:56,BTCUSDT,ask,60700,853.248
2024-08-09 05:17:57,BTCUSDT,ask,60700,853.25
2024-08-09 05:17:57,BTCUSDT,ask,60700,853.248
2024-08-09 05:17:59,BTCUSDT,ask,60700,853.246
2024-08-09 05:18:00,BTCUSDT,ask,60700,853.249
2024-08-09 05:18:00,BTCUSDT,ask,60700,853.246
2024-08-09 05:18:00,BTCUSDT,ask,60700,853.07
2024-08-09 05:18:02,BTCUSDT,ask,60700,853.073
2024-08-09 05:18:03,BTCUSDT,ask,60700,853.071
2024-08-09 05:18:03,BTCUSDT,ask,60700,853.073
2024-08-09 05:18:04,BTCUSDT,ask,60700,853.073
2024-08-09 05:18:04,BTCUSDT,ask,60700,853.117
2024-08-09 05:18:04,BTCUSDT,ask,60700,853.167
2024-08-09 05:18:05,BTCUSDT,ask,60700,853.12
2024-08-09 05:18:05,BTCUSDT,ask,60700,853.12
2024-08-09 05:18:05,BTCUSDT,ask,60700,853.073
2024-08-09 05:18:05,BTCUSDT,ask,60700,853.071
2024-08-09 05:18:06,BTCUSDT,ask,60700,853.071
2024-08-09 05:18:06,BTCUSDT,ask,60700,853.071
2024-08-09 05:18:07,BTCUSDT,ask,60700,853.236
2024-08-09 05:18:08,BTCUSDT,ask,60700,853.071
2024-08-09 05:18:08,BTCUSDT,ask,60700,853.103
2024-08-09 05:18:08,BTCUSDT,ask,60700,853.119
2024-08-09 05:18:08,BTCUSDT,ask,60700,853.103
2024-08-09 05:18:09,BTCUSDT,ask,60700,853.071
2024-08-09 05:18:11,BTCUSDT,ask,60700,853.073
2024-08-09 05:18:12,BTCUSDT,ask,60700,853.073
2024-08-09 05:18:13,BTCUSDT,ask,60700,853.048
2024-08-09 05:18:13,BTCUSDT,ask,60700,853.048
2024-08-09 05:18:13,BTCUSDT,ask,60700,853.046
2024-08-09 05:18:14,BTCUSDT,ask,60700,853.049
2024-08-09 05:18:16,BTCUSDT,ask,60700,853.046
2024-08-09 05:18:16,BTCUSDT,ask,60700,853.049
2024-08-09 05:18:17,BTCUSDT,ask,60700,853.046
2024-08-09 05:18:18,BTCUSDT,ask,60700,853.051
2024-08-09 05:18:19,BTCUSDT,ask,60700,853.046
2024-08-09 05:18:25,BTCUSDT,ask,60700,853.049
2024-08-09 05:18:25,BTCUSDT,ask,60700,853.046
2024-08-09 05:18:25,BTCUSDT,ask,60700,853.096
2024-08-09 05:18:26,BTCUSDT,ask,60700,853.087
2024-08-09 05:18:26,BTCUSDT,ask,60700,853.037
2024-08-09 05:18:27,BTCUSDT,ask,60700,853.206
2024-08-09 05:18:27,BTCUSDT,ask,60700,853.202
2024-08-09 05:18:28,BTCUSDT,ask,60700,853.037
2024-08-09 05:18:28,BTCUSDT,ask,60700,853.137
2024-08-09 05:18:30,BTCUSDT,ask,60700,853.195
2024-08-09 05:18:30,BTCUSDT,ask,60700,853.137
2024-08-09 05:18:31,BTCUSDT,ask,60700,853.134
2024-08-09 05:18:32,BTCUSDT,ask,60700,853.154
2024-08-09 05:18:32,BTCUSDT,ask,60700,853.134
2024-08-09 05:18:32,BTCUSDT,ask,60700,853.515
2024-08-09 05:18:33,BTCUSDT,ask,60700,853.502
2024-08-09 05:18:33,BTCUSDT,ask,60700,853.121
2024-08-09 05:18:33,BTCUSDT,ask,60700,853.502
2024-08-09 05:18:33,BTCUSDT,ask,60700,853.121
2024-08-09 05:18:34,BTCUSDT,ask,60700,853.502
2024-08-09 05:18:34,BTCUSDT,ask,60700,853.121
2024-08-09 05:18:34,BTCUSDT,ask,60700,853.121
2024-08-09 05:18:35,BTCUSDT,ask,60700,853.127
2024-08-09 05:18:36,BTCUSDT,ask,60700,853.29
2024-08-09 05:18:36,BTCUSDT,ask,60700,853.286
2024-08-09 05:18:37,BTCUSDT,ask,60700,853.121
2024-08-09 05:18:39,BTCUSDT,ask,60700,853.182
2024-08-09 05:18:43,BTCUSDT,ask,60700,853.193
2024-08-09 05:18:44,BTCUSDT,ask,60700,853.182
2024-08-09 05:18:44,BTCUSDT,ask,60700,853.432
2024-08-09 05:18:45,BTCUSDT,ask,60700,853.42
2024-08-09 05:18:47,BTCUSDT,ask,60700,853.225
2024-08-09 05:18:47,BTCUSDT,ask,60700,853.176
2024-08-09 05:18:55,BTCUSDT,ask,60700,853.177
2024-08-09 05:18:55,BTCUSDT,ask,60700,853.095
2024-08-09 05:18:56,BTCUSDT,ask,60700,852.995
2024-08-09 05:18:56,BTCUSDT,ask,60700,852.999
2024-08-09 05:18:57,BTCUSDT,ask,60700,852.989
2024-08-09 05:18:58,BTCUSDT,ask,60700,857.989
2024-08-09 05:19:00,BTCUSDT,ask,60700,857.993
2024-08-09 05:19:00,BTCUSDT,ask,60700,857.995
2024-08-09 05:19:03,BTCUSDT,ask,60700,857.997
2024-08-09 05:19:03,BTCUSDT,ask,60700,857.999
2024-08-09 05:19:04,BTCUSDT,ask,60700,858.001
2024-08-09 05:19:06,BTCUSDT,ask,60700,858.003
2024-08-09 05:19:06,BTCUSDT,ask,60700,857.999
2024-08-09 05:19:06,BTCUSDT,ask,60700,858.001
2024-08-09 05:19:07,BTCUSDT,ask,60700,858.043
2024-08-09 05:19:08,BTCUSDT,ask,60700,858.001
2024-08-09 05:19:10,BTCUSDT,ask,60700,858.1
2024-08-09 05:19:10,BTCUSDT,ask,60700,858.105
2024-08-09 05:19:10,BTCUSDT,ask,60700,858.103
2024-08-09 05:19:12,BTCUSDT,ask,60700,858.124
2024-08-09 05:19:13,BTCUSDT,ask,60700,861.522
2024-08-09 05:19:15,BTCUSDT,ask,60700,861.53
2024-08-09 05:19:16,BTCUSDT,ask,60700,861.434
2024-08-09 05:19:16,BTCUSDT,ask,60700,861.452
2024-08-09 05:19:18,BTCUSDT,ask,60700,861.452
2024-08-09 05:19:20,BTCUSDT,ask,60700,858.07
2024-08-09 05:19:23,BTCUSDT,ask,60700,858.118
2024-08-09 05:19:29,BTCUSDT,ask,60700,858.302
2024-08-09 05:19:29,BTCUSDT,ask,60700,858.052
2024-08-09 05:19:33,BTCUSDT,ask,60700,858.055
2024-08-09 05:19:34,BTCUSDT,ask,60700,858.052
2024-08-09 05:19:34,BTCUSDT,ask,60700,858.139
2024-08-09 05:19:36,BTCUSDT,ask,60700,858.141
2024-08-09 05:19:38,BTCUSDT,ask,60700,858.145
2024-08-09 05:19:38,BTCUSDT,ask,60700,858.145
2024-08-09 05:19:42,BTCUSDT,ask,60700,858.155
2024-08-09 05:19:42,BTCUSDT,ask,60700,858.157
2024-08-09 05:19:43,BTCUSDT,ask,60700,858.161
2024-08-09 05:19:43,BTCUSDT,ask,60700,858.163
2024-08-09 05:19:44,BTCUSDT,ask,60700,858.161
2024-08-09 05:19:45,BTCUSDT,ask,60700,858.326
2024-08-09 05:19:45,BTCUSDT,ask,60700,858.161
2024-08-09 05:19:45,BTCUSDT,ask,60700,858.163
2024-08-09 05:19:46,BTCUSDT,ask,60700,858.163
2024-08-09 05:19:46,BTCUSDT,ask,60700,858.181
2024-08-09 05:19:46,BTCUSDT,ask,60700,858.185
2024-08-09 05:19:47,BTCUSDT,ask,60700,858.187
2024-08-09 05:19:48,BTCUSDT,ask,60700,858.189
2024-08-09 05:19:48,BTCUSDT,ask,60700,858.348
2024-08-09 05:19:50,BTCUSDT,ask,60700,858.316
2024-08-09 05:19:51,BTCUSDT,ask,60700,858.312
2024-08-09 05:19:56,BTCUSDT,ask,60700,858.452
2024-08-09 05:19:56,BTCUSDT,ask,60700,858.312
2024-08-09 05:19:58,BTCUSDT,ask,60700,858.452
2024-08-09 05:19:58,BTCUSDT,ask,60700,858.312
2024-08-09 05:19:59,BTCUSDT,ask,60700,858.328
2024-08-09 05:19:59,BTCUSDT,ask,60700,858.328
2024-08-09 05:20:00,BTCUSDT,ask,60700,858.312
2024-08-09 05:20:01,BTCUSDT,ask,60700,858.412
2024-08-09 05:20:01,BTCUSDT,ask,60700,858.312
2024-08-09 05:20:01,BTCUSDT,ask,60700,858.326
2024-08-09 05:20:01,BTCUSDT,ask,60700,858.322
2024-08-09 05:20:02,BTCUSDT,ask,60700,858.659
2024-08-09 05:20:02,BTCUSDT,ask,60700,858.799
2024-08-09 05:20:02,BTCUSDT,ask,60700,858.651
2024-08-09 05:20:02,BTCUSDT,ask,60700,858.649
2024-08-09 05:20:04,BTCUSDT,ask,60700,858.653
2024-08-09 05:20:06,BTCUSDT,ask,60700,858.655
2024-08-09 05:20:06,BTCUSDT,ask,60700,858.651
2024-08-09 05:20:07,BTCUSDT,ask,60700,858.651
2024-08-09 05:20:07,BTCUSDT,ask,60700,858.651
2024-08-09 05:20:07,BTCUSDT,ask,60700,858.653
2024-08-09 05:20:08,BTCUSDT,ask,60700,858.655
2024-08-09 05:20:08,BTCUSDT,ask,60700,858.695
2024-08-09 05:20:08,BTCUSDT,ask,60700,858.655
2024-08-09 05:20:09,BTCUSDT,ask,60700,858.659
2024-08-09 05:20:09,BTCUSDT,ask,60700,858.657
2024-08-09 05:20:10,BTCUSDT,ask,60700,858.639
2024-08-09 05:20:10,BTCUSDT,ask,60700,858.642
2024-08-09 05:20:10,BTCUSDT,ask,60700,858.642
2024-08-09 05:20:10,BTCUSDT,ask,60700,858.644
2024-08-09 05:20:11,BTCUSDT,ask,60700,858.646
2024-08-09 05:20:12,BTCUSDT,ask,60700,858.646
2024-08-09 05:20:13,BTCUSDT,ask,60700,858.641
2024-08-09 05:20:13,BTCUSDT,ask,60700,858.651
2024-08-09 05:20:14,BTCUSDT,ask,60700,858.698
2024-08-09 05:20:14,BTCUSDT,ask,60700,858.319
2024-08-09 05:20:15,BTCUSDT,ask,60700,858.419
2024-08-09 05:20:15,BTCUSDT,ask,60700,858.425
2024-08-09 05:20:16,BTCUSDT,ask,60700,858.423
2024-08-09 05:20:18,BTCUSDT,ask,60700,858.43
2024-08-09 05:20:18,BTCUSDT,ask,60700,858.42
2024-08-09 05:20:18,BTCUSDT,ask,60700,858.584
2024-08-09 05:20:18,BTCUSDT,ask,60700,859.084
2024-08-09 05:20:18,BTCUSDT,ask,60700,859.084
2024-08-09 05:20:19,BTCUSDT,ask,60700,858.697
2024-08-09 05:20:19,BTCUSDT,ask,60700,858.584
2024-08-09 05:20:19,BTCUSDT,ask,60700,858.502
2024-08-09 05:20:20,BTCUSDT,ask,60700,858.504
2024-08-09 05:20:20,BTCUSDT,ask,60700,858.52
2024-08-09 05:20:20,BTCUSDT,ask,60700,858.476
2024-08-09 05:20:21,BTCUSDT,ask,60700,858.454
2024-08-09 05:20:21,BTCUSDT,ask,60700,858.456
2024-08-09 05:20:21,BTCUSDT,ask,60700,858.454
2024-08-09 05:20:22,BTCUSDT,ask,60700,858.455
2024-08-09 05:20:23,BTCUSDT,ask,60700,858.458
2024-08-09 05:20:24,BTCUSDT,ask,60700,858.46
2024-08-09 05:20:25,BTCUSDT,ask,60700,858.457
2024-08-09 05:20:25,BTCUSDT,ask,60700,858.697
2024-08-09 05:20:25,BTCUSDT,ask,60700,858.457
2024-08-09 05:20:26,BTCUSDT,ask,60700,858.46
2024-08-09 05:20:29,BTCUSDT,ask,60700,858.457
2024-08-09 05:20:29,BTCUSDT,ask,60700,858.444
2024-08-09 05:20:30,BTCUSDT,ask,60700,859.244
2024-08-09 05:20:30,BTCUSDT,ask,60700,859.085
2024-08-09 05:20:32,BTCUSDT,ask,60700,859.185
2024-08-09 05:20:33,BTCUSDT,ask,60700,859.244
2024-08-09 05:20:34,BTCUSDT,ask,60700,859.284
2024-08-09 05:20:34,BTCUSDT,ask,60700,859.609
2024-08-09 05:20:34,BTCUSDT,ask,60700,859.244
2024-08-09 05:20:34,BTCUSDT,ask,60700,859.242
2024-08-09 05:20:35,BTCUSDT,ask,60700,842.662
2024-08-09 05:20:35,BTCUSDT,ask,60700,783.2
2024-08-09 05:20:35,BTCUSDT,ask,60700,783.196
2024-08-09 05:20:35,BTCUSDT,ask,60700,783.167
2024-08-09 05:20:36,BTCUSDT,ask,60700,783.169
2024-08-09 05:20:36,BTCUSDT,ask,60700,783.167
2024-08-09 05:20:36,BTCUSDT,ask,60700,783.165
2024-08-09 05:20:37,BTCUSDT,ask,60700,783.19
2024-08-09 05:20:37,BTCUSDT,ask,60700,783.165
2024-08-09 05:20:37,BTCUSDT,ask,60700,783.079
2024-08-09 05:20:37,BTCUSDT,ask,60700,782.835
2024-08-09 05:20:38,BTCUSDT,ask,60700,781.128
2024-08-09 05:20:38,BTCUSDT,ask,60700,779.907
2024-08-09 05:20:38,BTCUSDT,ask,60700,779.407
2024-08-09 05:20:38,BTCUSDT,ask,60700,779.412
2024-08-09 05:20:38,BTCUSDT,ask,60700,775.254
2024-08-09 05:20:38,BTCUSDT,ask,60700,775.265
2024-08-09 05:20:38,BTCUSDT,ask,60700,775.271
2024-08-09 05:20:38,BTCUSDT,ask,60700,775.467
2024-08-09 05:20:38,BTCUSDT,ask,60700,775.641
2024-08-09 05:20:39,BTCUSDT,ask,60700,775.306
2024-08-09 05:20:39,BTCUSDT,ask,60700,775.445
2024-08-09 05:20:39,BTCUSDT,ask,60700,775.461
2024-08-09 05:20:39,BTCUSDT,ask,60700,775.945
2024-08-09 05:20:39,BTCUSDT,ask,60700,775.438
2024-08-09 05:20:39,BTCUSDT,ask,60700,775.432
2024-08-09 05:20:39,BTCUSDT,ask,60700,774.944
2024-08-09 05:20:39,BTCUSDT,ask,60700,774.926
2024-08-09 05:20:39,BTCUSDT,ask,60700,774.814
2024-08-09 05:26:12,BTCUSDT,bid,47500,637.781
2024-08-09 05:27:03,BTCUSDT,bid,47000,860.189
2024-08-09 05:32:59,BTCUSDT,bid,47000,860.181
2024-08-09 05:33:17,BTCUSDT,ask,61900,835.126
2024-08-09 05:33:21,BTCUSDT,ask,61900,835.128
2024-08-09 05:34:37,BTCUSDT,ask,61900,841.81
2024-08-09 05:34:43,BTCUSDT,bid,47000,860.193
2024-08-09 05:34:43,BTCUSDT,bid,47500,637.793
2024-08-09 05:34:46,BTCUSDT,ask,61900,841.57
2024-08-09 05:34:46,BTCUSDT,ask,61900,841.586
2024-08-09 05:34:52,BTCUSDT,ask,61900,841.593
2024-08-09 05:34:52,BTCUSDT,ask,61900,841.689
2024-08-09 05:34:54,BTCUSDT,ask,61900,841.593
2024-08-09 05:35:03,BTCUSDT,ask,61900,841.684
2024-08-09 05:35:12,BTCUSDT,ask,61900,841.687
2024-08-09 05:35:16,BTCUSDT,ask,61900,841.671
2024-08-09 05:35:16,BTCUSDT,ask,61900,841.655
2024-08-09 05:35:18,BTCUSDT,ask,61900,841.674
2024-08-09 05:35:35,BTCUSDT,ask,61900,841.68
2024-08-09 05:35:44,BTCUSDT,ask,61900,841.703
2024-08-09 05:35:57,BTCUSDT,ask,61900,841.702
2024-08-09 05:36:39,BTCUSDT,ask,61900,841.549
2024-08-09 05:37:08,BTCUSDT,ask,61900,842.794
2024-08-09 05:37:11,BTCUSDT,ask,61900,842.791
2024-08-09 05:37:31,BTCUSDT,bid,47000,860.13
2024-08-09 05:37:39,BTCUSDT,ask,61900,842.731
2024-08-09 05:38:00,BTCUSDT,ask,61900,842.538
2024-08-09 05:38:10,BTCUSDT,ask,61900,842.695
2024-08-09 05:38:34,BTCUSDT,ask,61900,842.963
2024-08-09 05:38:44,BTCUSDT,ask,61900,842.973
2024-08-09 05:38:50,BTCUSDT,ask,61900,842.989
2024-08-09 05:39:02,BTCUSDT,ask,61900,841.7
2024-08-09 05:39:20,BTCUSDT,ask,61900,841.574
2024-08-09 05:39:22,BTCUSDT,ask,61900,841.7
2024-08-09 05:39:30,BTCUSDT,ask,61900,841.705
2024-08-09 05:39:39,BTCUSDT,ask,61900,841.721
2024-08-09 05:39:41,BTCUSDT,ask,61900,841.73
2024-08-09 05:40:32,BTCUSDT,ask,61900,841.734
2024-08-09 05:40:58,BTCUSDT,ask,61900,841.743
2024-08-09 05:41:14,BTCUSDT,ask,61900,841.713
2024-08-09 05:41:35,BTCUSDT,bid,47500,637.796
2024-08-09 05:41:51,BTCUSDT,ask,61900,841.774
2024-08-09 05:41:53,BTCUSDT,ask,61900,841.777
2024-08-09 05:41:57,BTCUSDT,ask,61900,841.802
2024-08-09 05:42:17,BTCUSDT,ask,61900,841.827
2024-08-09 05:42:27,BTCUSDT,ask,61900,841.851
2024-08-09 05:42:40,BTCUSDT,bid,47500,637.754
2024-08-09 05:42:42,BTCUSDT,ask,61900,841.846
2024-08-09 05:42:45,BTCUSDT,ask,61900,841.844
2024-08-09 05:42:55,BTCUSDT,ask,61900,842.644
2024-08-09 05:43:36,BTCUSDT,ask,61900,841.85
2024-08-09 05:43:44,BTCUSDT,ask,61900,841.87
2024-08-09 05:43:50,BTCUSDT,ask,61900,844.268
2024-08-09 05:43:57,BTCUSDT,ask,61900,844.282
2024-08-09 05:44:38,BTCUSDT,ask,61900,844.314
2024-08-09 05:44:41,BTCUSDT,ask,61900,844.475
2024-08-09 05:45:03,BTCUSDT,bid,47500,637.712
2024-08-09 05:46:59,BTCUSDT,bid,57000,542.308
2024-08-09 05:47:06,BTCUSDT,bid,60000,916.625
2024-08-09 05:47:07,BTCUSDT,bid,57000,542.304
2024-08-09 05:47:26,BTCUSDT,bid,57200,551.39
2024-08-09 05:47:43,BTCUSDT,bid,57000,542.307
2024-08-09 05:48:00,BTCUSDT,bid,57000,542.298
2024-08-09 05:48:00,BTCUSDT,bid,57200,551.385
2024-08-09 05:48:07,BTCUSDT,bid,57000,541.292
2024-08-09 05:48:21,BTCUSDT,bid,47000,859.88
2024-08-09 05:48:21,BTCUSDT,bid,57000,541.29
2024-08-09 05:48:25,BTCUSDT,bid,57000,541.279
2024-08-09 05:48:25,BTCUSDT,bid,57000,541.277
2024-08-09 05:48:27,BTCUSDT,bid,57000,541.222
2024-08-09 05:48:39,BTCUSDT,ask,61900,546.256
2024-08-09 05:48:40,BTCUSDT,ask,61900,546.457
2024-08-09 05:48:44,BTCUSDT,ask,61900,548.457
2024-08-09 05:48:45,BTCUSDT,ask,61900,548.973
2024-08-09 05:48:51,BTCUSDT,bid,47000,859.877
2024-08-09 05:48:57,BTCUSDT,ask,61900,543.912
2024-08-09 05:49:01,BTCUSDT,ask,61900,543.945
2024-08-09 05:49:11,BTCUSDT,ask,61900,543.04
2024-08-09 05:49:17,BTCUSDT,bid,57000,541.204
2024-08-09 05:49:18,BTCUSDT,ask,61900,543.192
2024-08-09 05:49:21,BTCUSDT,ask,61900,539.192
2024-08-09 05:49:22,BTCUSDT,ask,61900,539.19
2024-08-09 05:49:22,BTCUSDT,ask,61900,539.193
2024-08-09 05:49:22,BTCUSDT,ask,61900,539.241
2024-08-09 05:49:31,BTCUSDT,ask,61900,539.415
2024-08-09 05:49:32,BTCUSDT,ask,61900,539.447
2024-08-09 05:49:33,BTCUSDT,ask,61900,539.486
2024-08-09 05:49:34,BTCUSDT,bid,57000,541.2
2024-08-09 05:49:39,BTCUSDT,bid,57000,541.198
2024-08-09 05:49:42,BTCUSDT,ask,61900,539.358
2024-08-09 05:49:42,BTCUSDT,bid,47500,637.714
2024-08-09 05:49:49,BTCUSDT,bid,60200,912.871
2024-08-09 05:49:57,BTCUSDT,bid,57000,541.164
2024-08-09 05:49:58,BTCUSDT,bid,57000,541.16
2024-08-09 05:49:59,BTCUSDT,ask,61900,539.42
2024-08-09 05:50:05,BTCUSDT,bid,57000,541.172
2024-08-09 05:50:06,BTCUSDT,ask,61900,539.71
2024-08-09 05:50:07,BTCUSDT,ask,61900,539.909
2024-08-09 05:50:18,BTCUSDT,bid,47500,637.704
2024-08-09 05:50:18,BTCUSDT,bid,57000,541.122
2024-08-09 05:50:20,BTCUSDT,bid,57000,541.022
2024-08-09 05:50:21,BTCUSDT,bid,57000,541.017
2024-08-09 05:50:23,BTCUSDT,bid,57000,540.913
2024-08-09 05:50:33,BTCUSDT,ask,61900,540.932
2024-08-09 05:50:46,BTCUSDT,ask,61900,548.116
2024-08-09 05:50:51,BTCUSDT,ask,61900,548.198
2024-08-09 05:50:54,BTCUSDT,ask,61900,548.2
2024-08-09 05:50:54,BTCUSDT,ask,61900,548.068
2024-08-09 05:50:55,BTCUSDT,ask,61900,548.111
2024-08-09 05:50:56,BTCUSDT,ask,61900,548.113
2024-08-09 05:51:00,BTCUSDT,ask,61900,548.169
2024-08-09 05:51:03,BTCUSDT,bid,57000,540.825
2024-08-09 05:51:08,BTCUSDT,ask,61900,548.604
2024-08-09 05:51:08,BTCUSDT,ask,61900,548.596
2024-08-09 05:51:09,BTCUSDT,ask,61900,548.919
2024-08-09 05:51:11,BTCUSDT,ask,61900,548.999
2024-08-09 05:51:14,BTCUSDT,ask,61900,548.999
2024-08-09 05:51:15,BTCUSDT,ask,61900,548.997
2024-08-09 05:51:16,BTCUSDT,ask,61900,549.159
2024-08-09 05:51:19,BTCUSDT,ask,61900,549.155
2024-08-09 05:51:21,BTCUSDT,ask,61900,549.235
2024-08-09 05:51:25,BTCUSDT,ask,61900,549.227
2024-08-09 05:51:28,BTCUSDT,bid,57000,540.813
2024-08-09 05:51:31,BTCUSDT,bid,57000,540.805
2024-08-09 05:51:31,BTCUSDT,bid,57000,539.971
2024-08-09 05:51:32,BTCUSDT,bid,57000,539.921
2024-08-09 05:51:32,BTCUSDT,bid,57000,539.82
2024-08-09 05:51:43,BTCUSDT,bid,57000,539.055
2024-08-09 05:51:44,BTCUSDT,ask,62500,553.325
2024-08-09 05:51:45,BTCUSDT,ask,62500,553.358
2024-08-09 05:51:48,BTCUSDT,bid,57000,559.055
2024-08-09 05:51:51,BTCUSDT,ask,62500,553.36
2024-08-09 05:52:00,BTCUSDT,ask,62500,543.524
2024-08-09 05:52:03,BTCUSDT,ask,62500,543.689
2024-08-09 05:52:05,BTCUSDT,ask,62500,543.721
2024-08-09 05:52:08,BTCUSDT,ask,62500,543.725
2024-08-09 05:52:09,BTCUSDT,ask,62500,543.805
2024-08-09 05:52:17,BTCUSDT,ask,62500,543.812
2024-08-09 05:52:23,BTCUSDT,ask,62500,543.822
2024-08-09 05:52:27,BTCUSDT,bid,57000,559.057
2024-08-09 05:52:29,BTCUSDT,bid,57200,551.351
2024-08-09 05:52:30,BTCUSDT,bid,47000,859.739
2024-08-09 05:52:30,BTCUSDT,bid,47000,859.733
2024-08-09 05:52:30,BTCUSDT,bid,57000,559.052
2024-08-09 05:52:31,BTCUSDT,bid,57000,559.017
2024-08-09 05:52:34,BTCUSDT,ask,62500,543.822
2024-08-09 05:52:39,BTCUSDT,ask,62500,543.786
2024-08-09 05:52:40,BTCUSDT,ask,62500,543.753
2024-08-09 05:52:40,BTCUSDT,ask,62500,544.191
2024-08-09 05:52:44,BTCUSDT,bid,57000,559.015
2024-08-09 05:52:51,BTCUSDT,ask,62500,544.221
2024-08-09 05:52:52,BTCUSDT,bid,57200,551.316
2024-08-09 05:53:09,BTCUSDT,bid,57000,558.959
2024-08-09 05:53:09,BTCUSDT,ask,62500,543.344
2024-08-09 05:53:10,BTCUSDT,ask,62500,543.346
2024-08-09 05:53:13,BTCUSDT,ask,62500,543.428
2024-08-09 05:53:16,BTCUSDT,ask,62500,543.468
2024-08-09 05:53:24,BTCUSDT,ask,62500,544.421
2024-08-09 05:53:47,BTCUSDT,ask,62500,547.223
2024-08-09 05:53:47,BTCUSDT,ask,62500,547.259
2024-08-09 05:53:49,BTCUSDT,ask,62500,547.263
2024-08-09 05:53:55,BTCUSDT,bid,57000,558.935
2024-08-09 05:53:55,BTCUSDT,ask,62500,547.348
2024-08-09 05:53:57,BTCUSDT,ask,62500,546.469
2024-08-09 05:54:00,BTCUSDT,ask,62500,546.48
2024-08-09 05:54:14,BTCUSDT,ask,62500,544.385
2024-08-09 05:54:18,BTCUSDT,ask,62500,544.456
2024-08-09 05:54:32,BTCUSDT,ask,62500,544.122
2024-08-09 05:54:40,BTCUSDT,bid,47500,637.204
2024-08-09 05:54:48,BTCUSDT,bid,57000,558.922
2024-08-09 05:54:49,BTCUSDT,bid,47000,859.726
2024-08-09 05:54:50,BTCUSDT,ask,62500,544.298
2024-08-09 05:54:51,BTCUSDT,bid,57200,551.312
2024-08-09 05:54:53,BTCUSDT,ask,62500,544.414
2024-08-09 05:54:57,BTCUSDT,bid,47500,637.213
2024-08-09 05:54:58,BTCUSDT,bid,57000,558.932
2024-08-09 05:54:59,BTCUSDT,ask,62500,544.252
2024-08-09 05:55:04,BTCUSDT,bid,57200,551.302
2024-08-09 05:55:10,BTCUSDT,ask,62500,544.274
2024-08-09 05:55:13,BTCUSDT,bid,57000,558.929
2024-08-09 05:55:13,BTCUSDT,bid,57200,551.299
2024-08-09 05:55:16,BTCUSDT,bid,57000,558.912
2024-08-09 05:55:17,BTCUSDT,bid,57200,551.297
2024-08-09 05:55:17,BTCUSDT,bid,57000,558.801
2024-08-09 05:55:21,BTCUSDT,bid,57000,557.418
2024-08-09 05:55:31,BTCUSDT,ask,62500,544.629
2024-08-09 05:55:31,BTCUSDT,ask,62500,545.295
2024-08-09 05:55:32,BTCUSDT,ask,62500,545.306
2024-08-09 05:55:33,BTCUSDT,ask,62500,545.388
2024-08-09 05:55:34,BTCUSDT,bid,57000,559.019
2024-08-09 05:55:41,BTCUSDT,bid,57000,558.867
2024-08-09 05:55:41,BTCUSDT,bid,57200,551.277
2024-08-09 05:55:48,BTCUSDT,ask,62500,547.944
2024-08-09 05:55:49,BTCUSDT,ask,62500,547.835
2024-08-09 05:55:53,BTCUSDT,ask,62500,547.844
2024-08-09 05:55:53,BTCUSDT,bid,47300,806.98
2024-08-09 05:55:54,BTCUSDT,bid,57000,558.841
2024-08-09 05:55:54,BTCUSDT,bid,57000,558.839
2024-08-09 05:55:54,BTCUSDT,bid,47500,637.21
2024-08-09 05:55:58,BTCUSDT,ask,62500,548.352
2024-08-09 05:55:59,BTCUSDT,ask,62500,548.428
2024-08-09 05:56:02,BTCUSDT,ask,62500,548.598
2024-08-09 05:56:05,BTCUSDT,bid,57000,558.722
2024-08-09 05:56:05,BTCUSDT,bid,57000,558.719
2024-08-09 05:56:06,BTCUSDT,ask,62500,551.829
2024-08-09 05:56:07,BTCUSDT,ask,62500,551.841
2024-08-09 05:56:08,BTCUSDT,ask,62500,552.127
2024-08-09 05:56:10,BTCUSDT,ask,62500,552.167
2024-08-09 05:56:10,BTCUSDT,ask,62500,552.198
2024-08-09 05:56:12,BTCUSDT,ask,62500,559.006
2024-08-09 05:56:13,BTCUSDT,ask,62500,559.009
2024-08-09 05:56:14,BTCUSDT,bid,57000,558.974
2024-08-09 05:56:16,BTCUSDT,bid,57000,558.976
2024-08-09 05:56:17,BTCUSDT,bid,57000,558.974
2024-08-09 05:56:18,BTCUSDT,ask,62500,559.048
2024-08-09 05:56:18,BTCUSDT,ask,62500,559.056
2024-08-09 05:56:21,BTCUSDT,ask,62500,559.316
2024-08-09 05:56:22,BTCUSDT,ask,62500,559.318
2024-08-09 05:56:22,BTCUSDT,ask,62500,559.4
2024-08-09 05:56:23,BTCUSDT,ask,62500,559.384
2024-08-09 05:56:25,BTCUSDT,bid,57000,558.971
2024-08-09 05:56:26,BTCUSDT,bid,47500,637.207
2024-08-09 05:56:26,BTCUSDT,bid,57000,558.897
2024-08-09 05:56:26,BTCUSDT,bid,57000,558.885
2024-08-09 05:56:27,BTCUSDT,bid,57200,551.268
2024-08-09 05:56:28,BTCUSDT,bid,57000,558.865
2024-08-09 05:56:28,BTCUSDT,ask,62500,558.451
2024-08-09 05:56:29,BTCUSDT,ask,62500,558.613
2024-08-09 05:56:31,BTCUSDT,ask,62500,558.493
2024-08-09 05:56:33,BTCUSDT,ask,62500,558.439
2024-08-09 05:56:34,BTCUSDT,ask,62500,562.235
2024-08-09 05:56:35,BTCUSDT,bid,57000,558.859
2024-08-09 05:56:35,BTCUSDT,ask,62500,563.128
2024-08-09 05:56:36,BTCUSDT,ask,62500,563.127
2024-08-09 05:56:36,BTCUSDT,ask,62500,563.132
2024-08-09 05:56:37,BTCUSDT,ask,62500,563.032
2024-08-09 05:56:41,BTCUSDT,ask,62500,563.101
2024-08-09 05:56:41,BTCUSDT,ask,62500,563.103
2024-08-09 05:56:43,BTCUSDT,ask,62500,563.24
2024-08-09 05:56:46,BTCUSDT,ask,62500,562.974
2024-08-09 05:56:46,BTCUSDT,ask,62500,563.201
2024-08-09 05:56:51,BTCUSDT,bid,57000,558.861
2024-08-09 05:56:52,BTCUSDT,ask,62500,564.297
2024-08-09 05:56:52,BTCUSDT,ask,62500,567.139
2024-08-09 05:56:53,BTCUSDT,ask,62500,567.214
2024-08-09 05:56:53,BTCUSDT,ask,62500,567.207
2024-08-09 05:56:54,BTCUSDT,ask,62500,567.373
2024-08-09 05:56:55,BTCUSDT,ask,62500,567.376
2024-08-09 05:56:55,BTCUSDT,ask,62500,567.42
2024-08-09 05:56:57,BTCUSDT,ask,62500,568.42
2024-08-09 05:56:58,BTCUSDT,ask,62500,568.444
2024-08-09 05:57:00,BTCUSDT,ask,62500,568.431
2024-08-09 05:57:12,BTCUSDT,ask,62500,571.642
2024-08-09 05:57:12,BTCUSDT,ask,62500,572.063
2024-08-09 05:57:13,BTCUSDT,ask,62500,572.088
2024-08-09 05:57:13,BTCUSDT,ask,62500,572.006
2024-08-09 05:57:15,BTCUSDT,ask,62500,571.967
2024-08-09 05:57:18,BTCUSDT,ask,62500,573.038
2024-08-09 05:57:18,BTCUSDT,ask,62500,571.967
2024-08-09 05:57:19,BTCUSDT,ask,62500,572.465
2024-08-09 05:57:21,BTCUSDT,ask,62500,572.465
2024-08-09 05:57:24,BTCUSDT,ask,62500,572.237
2024-08-09 05:57:24,BTCUSDT,ask,62500,571.475
2024-08-09 05:57:25,BTCUSDT,ask,62500,571.466
2024-08-09 05:57:25,BTCUSDT,ask,62500,571.557
2024-08-09 05:57:26,BTCUSDT,ask,62500,571.559
2024-08-09 05:57:28,BTCUSDT,ask,62500,571.561
2024-08-09 05:57:28,BTCUSDT,ask,62500,571.562
2024-08-09 05:57:28,BTCUSDT,ask,62500,571.679
2024-08-09 05:57:29,BTCUSDT,ask,62500,568.839
2024-08-09 05:57:30,BTCUSDT,ask,62500,569.839
2024-08-09 05:57:30,BTCUSDT,ask,62500,569.847
2024-08-09 05:57:30,BTCUSDT,ask,62500,569.846
2024-08-09 05:57:31,BTCUSDT,ask,62500,569.915
2024-08-09 05:57:32,BTCUSDT,ask,62500,569.925
2024-08-09 05:57:33,BTCUSDT,ask,62500,571.925
2024-08-09 05:57:35,BTCUSDT,ask,62500,568.939
2024-08-09 05:57:37,BTCUSDT,ask,62500,568.862
2024-08-09 05:57:38,BTCUSDT,ask,62500,569.934
2024-08-09 05:57:38,BTCUSDT,bid,57000,559.033
2024-08-09 05:57:38,BTCUSDT,ask,62500,570.105
2024-08-09 05:57:40,BTCUSDT,ask,62500,570.098
2024-08-09 05:57:40,BTCUSDT,ask,62500,570.107
2024-08-09 05:57:43,BTCUSDT,ask,62500,569.995
2024-08-09 05:57:43,BTCUSDT,ask,62500,569.998
2024-08-09 05:57:43,BTCUSDT,ask,62500,570.0
2024-08-09 05:57:43,BTCUSDT,ask,62500,569.97
2024-08-09 05:57:43,BTCUSDT,ask,62500,570.008
2024-08-09 05:57:44,BTCUSDT,bid,57000,558.815
2024-08-09 05:57:44,BTCUSDT,ask,62500,570.006
2024-08-09 05:57:45,BTCUSDT,ask,62500,569.996
2024-08-09 05:57:45,BTCUSDT,ask,62500,569.982
2024-08-09 05:57:45,BTCUSDT,ask,62500,569.983
2024-08-09 05:57:46,BTCUSDT,ask,62500,570.014
2024-08-09 05:57:46,BTCUSDT,ask,62500,570.011
2024-08-09 05:57:47,BTCUSDT,ask,62500,570.015
2024-08-09 05:57:49,BTCUSDT,ask,62500,570.332
2024-08-09 05:57:50,BTCUSDT,ask,62500,570.805
2024-08-09 05:57:51,BTCUSDT,ask,62500,570.535
2024-08-09 05:57:51,BTCUSDT,ask,62500,570.537
2024-08-09 05:57:51,BTCUSDT,ask,62500,570.687
2024-08-09 05:57:52,BTCUSDT,bid,57000,558.802
2024-08-09 05:57:52,BTCUSDT,bid,57000,558.796
2024-08-09 05:58:19,BTCUSDT,bid,57200,551.263
2024-08-09 05:58:20,BTCUSDT,bid,57000,558.813
2024-08-09 05:58:25,BTCUSDT,bid,57000,558.725
2024-08-09 05:58:31,BTCUSDT,bid,57000,558.708
2024-08-09 05:58:33,BTCUSDT,bid,47000,859.723
2024-08-09 05:58:53,BTCUSDT,bid,57200,551.268
2024-08-09 05:58:54,BTCUSDT,bid,57000,558.71
2024-08-09 05:59:37,BTCUSDT,bid,57000,558.708
2024-08-09 05:59:46,BTCUSDT,bid,57000,558.613
2024-08-09 05:59:51,BTCUSDT,bid,57200,551.265
2024-08-09 06:00:29,BTCUSDT,bid,57000,558.615
2024-08-09 06:00:31,BTCUSDT,bid,57000,558.622
2024-08-09 06:00:38,BTCUSDT,bid,47500,636.853
2024-08-09 06:00:39,BTCUSDT,bid,57000,558.542
2024-08-09 06:00:40,BTCUSDT,bid,57000,558.545
2024-08-09 06:00:40,BTCUSDT,bid,57200,551.268
2024-08-09 06:00:41,BTCUSDT,bid,57000,558.543
2024-08-09 06:00:42,BTCUSDT,bid,57000,558.528
2024-08-09 06:00:45,BTCUSDT,bid,57000,558.526
2024-08-09 06:00:48,BTCUSDT,bid,57000,558.436
2024-08-09 06:00:55,BTCUSDT,bid,57000,558.349
2024-08-09 06:01:00,BTCUSDT,bid,57200,551.157
2024-08-09 06:01:17,BTCUSDT,bid,57000,558.157
2024-08-09 06:01:21,BTCUSDT,bid,57000,556.556
2024-08-09 06:01:24,BTCUSDT,bid,57000,556.554
2024-08-09 06:01:33,BTCUSDT,bid,57000,558.269
2024-08-09 06:01:52,BTCUSDT,bid,57000,558.272
2024-08-09 06:02:00,BTCUSDT,bid,57000,558.129
2024-08-09 06:02:03,BTCUSDT,bid,57000,558.125
2024-08-09 06:02:03,BTCUSDT,bid,57200,551.153
2024-08-09 06:02:41,BTCUSDT,bid,47000,859.702
2024-08-09 06:02:44,BTCUSDT,bid,57000,557.925
2024-08-09 06:03:06,BTCUSDT,bid,57000,557.918
2024-08-09 06:03:12,BTCUSDT,bid,57000,557.915
2024-08-09 06:03:37,BTCUSDT,bid,57200,550.24
2024-08-09 06:03:39,BTCUSDT,bid,57200,550.21
2024-08-09 06:03:39,BTCUSDT,bid,57200,550.208
2024-08-09 06:04:06,BTCUSDT,bid,57000,557.913
2024-08-09 06:04:12,BTCUSDT,bid,57000,557.582
2024-08-09 06:04:25,BTCUSDT,bid,57000,557.585
2024-08-09 06:04:33,BTCUSDT,bid,57000,557.582
2024-08-09 06:04:36,BTCUSDT,bid,57000,557.484
2024-08-09 06:04:36,BTCUSDT,bid,57200,550.139
2024-08-09 06:04:36,BTCUSDT,bid,47500,636.85
2024-08-09 06:04:46,BTCUSDT,bid,57200,550.105
2024-08-09 06:05:30,BTCUSDT,bid,47500,636.008
2024-08-09 06:05:49,BTCUSDT,bid,57000,557.494
2024-08-09 06:06:00,BTCUSDT,bid,47000,859.698
2024-08-09 06:06:00,BTCUSDT,bid,47300,806.976
2024-08-09 06:06:00,BTCUSDT,bid,47500,636.004
2024-08-09 06:06:14,BTCUSDT,bid,57000,557.484
2024-08-09 06:06:20,BTCUSDT,bid,47500,635.849
2024-08-09 06:07:17,BTCUSDT,bid,57200,550.133
2024-08-09 06:07:39,BTCUSDT,bid,57000,557.478
2024-08-09 06:07:48,BTCUSDT,bid,47000,859.779
2024-08-09 06:08:20,BTCUSDT,bid,57000,557.476
2024-08-09 06:08:23,BTCUSDT,bid,47000,859.776
2024-08-09 06:08:30,BTCUSDT,bid,57000,557.48
2024-08-09 06:08:36,BTCUSDT,bid,57200,550.141
2024-08-09 06:08:54,BTCUSDT,bid,57000,557.47
2024-08-09 06:09:08,BTCUSDT,bid,47000,859.773
2024-08-09 06:09:26,BTCUSDT,bid,57200,550.131
2024-08-09 06:09:30,BTCUSDT,bid,57000,557.445
2024-08-09 06:10:30,BTCUSDT,bid,57000,557.442
2024-08-09 06:10:31,BTCUSDT,bid,57000,557.448
2024-08-09 06:10:43,BTCUSDT,bid,57000,557.459
2024-08-09 06:11:09,BTCUSDT,bid,57000,557.453
2024-08-09 06:11:32,BTCUSDT,bid,57000,557.462
2024-08-09 06:11:34,BTCUSDT,bid,47000,859.752
2024-08-09 06:11:45,BTCUSDT,bid,57000,557.466
2024-08-09 06:12:10,BTCUSDT,bid,57000,557.456
2024-08-09 06:12:27,BTCUSDT,bid,57000,557.508
2024-08-09 06:12:50,BTCUSDT,bid,57000,557.514
2024-08-09 06:13:05,BTCUSDT,bid,57000,557.345
2024-08-09 06:13:12,BTCUSDT,bid,57000,557.339
2024-08-09 06:13:32,BTCUSDT,bid,57000,557.342
2024-08-09 06:13:43,BTCUSDT,bid,57000,557.344
2024-08-09 06:13:51,BTCUSDT,bid,57000,557.189
2024-08-09 06:14:43,BTCUSDT,bid,57000,557.181
2024-08-09 06:14:56,BTCUSDT,bid,57000,557.328
2024-08-09 06:15:29,BTCUSDT,bid,57000,557.319
2024-08-09 06:17:03,BTCUSDT,bid,47500,635.773
2024-08-09 06:17:08,BTCUSDT,bid,57000,557.325
2024-08-09 06:17:27,BTCUSDT,bid,57000,557.335
2024-08-09 06:18:05,BTCUSDT,bid,57000,557.333
2024-08-09 06:18:11,BTCUSDT,bid,57200,550.123
2024-08-09 06:18:52,BTCUSDT,bid,57000,557.36
2024-08-09 06:18:56,BTCUSDT,bid,57000,557.354
2024-08-09 06:19:44,BTCUSDT,bid,57000,557.351
2024-08-09 06:20:19,BTCUSDT,bid,57000,557.283
2024-08-09 06:21:22,BTCUSDT,bid,57200,550.056
2024-08-09 06:22:20,BTCUSDT,bid,57200,550.058
2024-08-09 06:23:00,BTCUSDT,bid,57000,557.288
2024-08-09 06:23:18,BTCUSDT,bid,57000,557.264
2024-08-09 06:23:59,BTCUSDT,bid,57000,556.512
2024-08-09 06:24:02,BTCUSDT,bid,57000,556.516
2024-08-09 06:24:12,BTCUSDT,bid,57000,556.486
2024-08-09 06:24:24,BTCUSDT,bid,57000,556.482
2024-08-09 06:24:35,BTCUSDT,bid,57000,556.392
2024-08-09 06:24:59,BTCUSDT,bid,57000,556.292
2024-08-09 06:24:59,BTCUSDT,bid,57200,549.958
2024-08-09 06:25:03,BTCUSDT,bid,47300,806.926
2024-08-09 06:25:07,BTCUSDT,bid,57200,549.964
2024-08-09 06:25:20,BTCUSDT,bid,57000,556.299
2024-08-09 06:25:58,BTCUSDT,bid,57000,556.297
2024-08-09 06:26:01,BTCUSDT,bid,57000,556.161
2024-08-09 06:26:05,BTCUSDT,bid,57000,556.164
2024-08-09 06:26:27,BTCUSDT,bid,57000,556.184
2024-08-09 06:26:52,BTCUSDT,bid,57000,556.204
2024-08-09 06:27:00,BTCUSDT,bid,57000,556.199
2024-08-09 06:27:11,BTCUSDT,bid,47500,636.773
2024-08-09 06:27:28,BTCUSDT,bid,47000,859.749
2024-08-09 06:27:28,BTCUSDT,bid,47500,636.77
2024-08-09 06:27:28,BTCUSDT,bid,57000,556.196
2024-08-09 06:27:34,BTCUSDT,bid,57000,556.193
2024-08-09 06:27:34,BTCUSDT,bid,57200,549.961
2024-08-09 06:27:44,BTCUSDT,bid,47000,859.753
2024-08-09 06:27:44,BTCUSDT,bid,47500,636.774
2024-08-09 06:27:44,BTCUSDT,bid,57000,556.196
2024-08-09 06:27:44,BTCUSDT,bid,57000,556.2
2024-08-09 06:28:21,BTCUSDT,bid,57000,556.4
2024-08-09 06:28:29,BTCUSDT,bid,57000,556.565
2024-08-09 06:28:55,BTCUSDT,bid,57000,556.365
2024-08-09 06:28:59,BTCUSDT,bid,47000,859.77
2024-08-09 06:29:29,BTCUSDT,bid,60700,906.031
2024-08-09 06:29:57,BTCUSDT,bid,57000,556.352
2024-08-09 06:30:41,BTCUSDT,bid,57000,556.345
2024-08-09 06:31:01,BTCUSDT,bid,57200,547.143
2024-08-09 06:31:20,BTCUSDT,bid,57000,556.293
2024-08-09 06:31:20,BTCUSDT,bid,57200,547.091
2024-08-09 06:31:56,BTCUSDT,bid,57000,556.305
2024-08-09 06:32:00,BTCUSDT,bid,57000,556.577
2024-08-09 06:32:16,BTCUSDT,bid,60500,907.879
2024-08-09 06:32:17,BTCUSDT,bid,57000,556.578
2024-08-09 06:32:37,BTCUSDT,bid,57200,547.089
2024-08-09 06:32:38,BTCUSDT,bid,57000,556.576
2024-08-09 06:32:46,BTCUSDT,bid,57000,556.304
2024-08-09 06:32:52,BTCUSDT,bid,57000,556.384
2024-08-09 06:33:12,BTCUSDT,bid,57200,547.419
2024-08-09 06:33:51,BTCUSDT,bid,57000,556.352
2024-08-09 06:34:30,BTCUSDT,bid,60600,907.11
2024-08-09 06:34:43,BTCUSDT,bid,57000,556.362
2024-08-09 06:35:08,BTCUSDT,bid,57000,556.352
2024-08-09 06:35:29,BTCUSDT,bid,47000,859.753
2024-08-09 06:35:33,BTCUSDT,bid,60500,1135.306
2024-08-09 06:35:43,BTCUSDT,bid,57000,556.35
2024-08-09 06:36:04,BTCUSDT,bid,57200,547.416
2024-08-09 06:36:06,BTCUSDT,bid,57000,556.319
2024-08-09 06:36:12,BTCUSDT,bid,47000,859.792
2024-08-09 06:36:22,BTCUSDT,bid,57000,556.555
2024-08-09 06:36:40,BTCUSDT,bid,47500,637.277
2024-08-09 06:36:41,BTCUSDT,bid,57200,547.086
2024-08-09 06:36:43,BTCUSDT,bid,57000,556.551
2024-08-09 06:37:04,BTCUSDT,bid,57000,556.539
2024-08-09 06:37:17,BTCUSDT,bid,57000,556.568
2024-08-09 06:37:18,BTCUSDT,bid,57000,556.899
2024-08-09 06:37:18,BTCUSDT,bid,57000,556.914
2024-08-09 06:38:32,BTCUSDT,bid,57000,556.414
2024-08-09 06:38:39,BTCUSDT,bid,57200,547.097
2024-08-09 06:38:59,BTCUSDT,bid,57000,556.416
2024-08-09 06:39:10,BTCUSDT,bid,57000,556.448
2024-08-09 06:40:21,BTCUSDT,bid,57000,556.398
2024-08-09 06:41:23,BTCUSDT,bid,57000,556.384
2024-08-09 06:41:35,BTCUSDT,bid,57000,556.387
2024-08-09 06:43:06,BTCUSDT,bid,57000,556.36
2024-08-09 06:43:16,BTCUSDT,bid,47500,637.273
2024-08-09 06:43:28,BTCUSDT,bid,57000,556.213
2024-08-09 06:43:42,BTCUSDT,ask,62000,500.643
2024-08-09 06:43:53,BTCUSDT,ask,62100,500.944
2024-08-09 06:43:56,BTCUSDT,ask,62100,500.946
2024-08-09 06:44:05,BTCUSDT,ask,62200,508.566
2024-08-09 06:44:10,BTCUSDT,ask,62100,500.934
2024-08-09 06:44:11,BTCUSDT,ask,62000,500.013
2024-08-09 06:44:11,BTCUSDT,ask,62000,500.011
2024-08-09 06:44:13,BTCUSDT,ask,62200,508.573
2024-08-09 06:44:19,BTCUSDT,ask,62300,553.715
2024-08-09 06:44:20,BTCUSDT,ask,62100,500.884
2024-08-09 06:44:21,BTCUSDT,ask,62000,500.017
2024-08-09 06:44:29,BTCUSDT,ask,62400,503.345
2024-08-09 06:44:32,BTCUSDT,ask,62100,500.914
2024-08-09 06:44:34,BTCUSDT,ask,62100,500.922
2024-08-09 06:44:35,BTCUSDT,ask,62300,505.528
2024-08-09 06:44:37,BTCUSDT,ask,62200,508.479
2024-08-09 06:44:37,BTCUSDT,ask,62500,527.351
2024-08-09 06:44:40,BTCUSDT,ask,62300,505.576
2024-08-09 06:44:42,BTCUSDT,ask,62100,500.832
2024-08-09 06:44:43,BTCUSDT,ask,62500,527.406
2024-08-09 06:44:44,BTCUSDT,ask,62300,505.597
2024-08-09 06:44:44,BTCUSDT,ask,62300,505.677
2024-08-09 06:44:45,BTCUSDT,ask,62500,527.501
2024-08-09 06:44:46,BTCUSDT,ask,62300,505.765
2024-08-09 06:44:55,BTCUSDT,ask,62100,501.189
2024-08-09 06:44:56,BTCUSDT,bid,57000,556.216
2024-08-09 06:44:57,BTCUSDT,ask,62100,501.201
2024-08-09 06:45:00,BTCUSDT,ask,62400,503.355
2024-08-09 06:45:06,BTCUSDT,ask,62500,527.601
2024-08-09 06:45:08,BTCUSDT,ask,62300,505.733
2024-08-09 06:45:11,BTCUSDT,ask,62100,501.203
2024-08-09 06:45:14,BTCUSDT,ask,62500,527.894
2024-08-09 06:45:17,BTCUSDT,ask,62500,527.877
2024-08-09 06:45:20,BTCUSDT,ask,62100,501.329
2024-08-09 06:45:21,BTCUSDT,ask,62000,502.853
2024-08-09 06:45:23,BTCUSDT,ask,62500,527.879
2024-08-09 06:45:25,BTCUSDT,ask,62300,505.74
2024-08-09 06:45:26,BTCUSDT,ask,62500,527.813
2024-08-09 06:45:28,BTCUSDT,ask,62000,502.709
2024-08-09 06:45:30,BTCUSDT,ask,62100,500.972
2024-08-09 06:45:32,BTCUSDT,bid,57000,556.213
2024-08-09 06:45:33,BTCUSDT,ask,62300,505.75
2024-08-09 06:45:34,BTCUSDT,ask,62000,502.55
2024-08-09 06:45:35,BTCUSDT,ask,62500,522.077
2024-08-09 06:45:38,BTCUSDT,ask,62000,502.767
2024-08-09 06:45:41,BTCUSDT,ask,62000,502.767
2024-08-09 06:45:43,BTCUSDT,ask,62000,502.726
2024-08-09 06:45:45,BTCUSDT,ask,62000,502.746
2024-08-09 06:45:46,BTCUSDT,ask,62000,502.795
2024-08-09 06:45:47,BTCUSDT,ask,62000,502.805
2024-08-09 06:45:47,BTCUSDT,ask,62000,502.829
2024-08-09 06:45:47,BTCUSDT,ask,62000,502.749
2024-08-09 06:45:47,BTCUSDT,ask,62200,508.495
2024-08-09 06:45:47,BTCUSDT,ask,62500,522.064
2024-08-09 06:45:48,BTCUSDT,ask,62100,500.942
2024-08-09 06:45:50,BTCUSDT,ask,62400,503.555
2024-08-09 06:45:51,BTCUSDT,ask,62500,522.048
2024-08-09 06:45:51,BTCUSDT,ask,62000,502.747
2024-08-09 06:45:52,BTCUSDT,ask,62300,505.846
2024-08-09 06:45:53,BTCUSDT,ask,62000,502.74
2024-08-09 06:45:53,BTCUSDT,ask,62200,508.501
2024-08-09 06:45:53,BTCUSDT,bid,57000,556.073
2024-08-09 06:45:53,BTCUSDT,ask,62000,502.658
2024-08-09 06:45:54,BTCUSDT,ask,62000,502.609
2024-08-09 06:45:55,BTCUSDT,ask,62500,522.059
2024-08-09 06:45:55,BTCUSDT,ask,62500,521.548
2024-08-09 06:45:56,BTCUSDT,ask,62000,502.611
2024-08-09 06:45:56,BTCUSDT,ask,62000,502.643
2024-08-09 06:45:59,BTCUSDT,ask,62500,520.598
2024-08-09 06:46:00,BTCUSDT,ask,62500,521.688
2024-08-09 06:46:04,BTCUSDT,ask,62100,500.974
2024-08-09 06:46:04,BTCUSDT,ask,62000,502.905
2024-08-09 06:46:04,BTCUSDT,ask,62500,521.385
2024-08-09 06:46:05,BTCUSDT,ask,62400,503.571
2024-08-09 06:46:05,BTCUSDT,ask,62500,520.593
2024-08-09 06:46:05,BTCUSDT,ask,62500,520.878
2024-08-09 06:46:09,BTCUSDT,ask,62000,502.923
2024-08-09 06:46:10,BTCUSDT,ask,62300,505.839
2024-08-09 06:46:13,BTCUSDT,ask,62100,500.929
2024-08-09 06:46:22,BTCUSDT,ask,62000,503.275
2024-08-09 06:46:29,BTCUSDT,ask,62000,503.275
2024-08-09 06:46:30,BTCUSDT,ask,62000,503.334
2024-08-09 06:46:31,BTCUSDT,ask,62200,508.499
2024-08-09 06:46:32,BTCUSDT,ask,62300,505.889
2024-08-09 06:46:35,BTCUSDT,ask,62000,503.338
2024-08-09 06:46:36,BTCUSDT,ask,62000,503.37
2024-08-09 06:46:37,BTCUSDT,ask,62000,503.368
2024-08-09 06:46:38,BTCUSDT,ask,62000,503.286
2024-08-09 06:46:40,BTCUSDT,bid,57200,547.08
2024-08-09 06:46:43,BTCUSDT,ask,62200,508.596
2024-08-09 06:46:45,BTCUSDT,bid,57000,556.098
2024-08-09 06:46:48,BTCUSDT,ask,62300,505.839
2024-08-09 06:46:50,BTCUSDT,ask,62200,508.499
2024-08-09 06:46:52,BTCUSDT,ask,62000,503.73
2024-08-09 06:46:53,BTCUSDT,ask,62000,503.731
2024-08-09 06:46:54,BTCUSDT,ask,62500,520.915
2024-08-09 06:46:54,BTCUSDT,bid,57000,556.095
2024-08-09 06:46:54,BTCUSDT,ask,62400,503.611
2024-08-09 06:46:57,BTCUSDT,ask,62300,505.863
2024-08-09 06:46:59,BTCUSDT,ask,62200,508.596
2024-08-09 06:47:00,BTCUSDT,ask,62000,503.817
2024-08-09 06:47:02,BTCUSDT,ask,62000,503.863
2024-08-09 06:47:04,BTCUSDT,ask,62000,503.918
2024-08-09 06:47:07,BTCUSDT,ask,62100,500.936
2024-08-09 06:47:07,BTCUSDT,ask,62500,521.307
2024-08-09 06:47:07,BTCUSDT,ask,62000,503.916
2024-08-09 06:47:09,BTCUSDT,ask,62000,503.891
2024-08-09 06:47:11,BTCUSDT,ask,62200,508.499
2024-08-09 06:47:13,BTCUSDT,ask,62000,503.971
2024-08-09 06:47:15,BTCUSDT,ask,62200,508.49
2024-08-09 06:47:17,BTCUSDT,ask,62100,500.937
2024-08-09 06:47:25,BTCUSDT,ask,62200,508.491
2024-08-09 06:47:26,BTCUSDT,ask,62000,503.977
2024-08-09 06:47:26,BTCUSDT,ask,62100,500.962
2024-08-09 06:47:28,BTCUSDT,ask,62000,503.982
2024-08-09 06:47:28,BTCUSDT,ask,62000,504.482
2024-08-09 06:47:32,BTCUSDT,ask,62000,504.485
2024-08-09 06:47:32,BTCUSDT,ask,62000,504.491
2024-08-09 06:47:34,BTCUSDT,ask,62200,508.57
2024-08-09 06:47:35,BTCUSDT,ask,62000,504.487
2024-08-09 06:47:37,BTCUSDT,ask,62400,503.615
2024-08-09 06:47:43,BTCUSDT,bid,47500,637.268
2024-08-09 06:47:45,BTCUSDT,ask,62200,508.668
2024-08-09 06:47:47,BTCUSDT,ask,62400,503.795
2024-08-09 06:47:48,BTCUSDT,ask,62400,503.755
2024-08-09 06:47:48,BTCUSDT,ask,62000,504.648
2024-08-09 06:47:49,BTCUSDT,ask,62000,504.654
2024-08-09 06:47:52,BTCUSDT,ask,62500,521.278
2024-08-09 06:47:55,BTCUSDT,ask,62000,504.649
2024-08-09 06:47:57,BTCUSDT,ask,62000,505.687
2024-08-09 06:47:57,BTCUSDT,ask,62000,505.667
2024-08-09 06:47:57,BTCUSDT,ask,62500,521.284
2024-08-09 06:47:58,BTCUSDT,ask,62500,521.274
2024-08-09 06:47:58,BTCUSDT,ask,62400,503.756
2024-08-09 06:48:01,BTCUSDT,ask,62300,505.932
2024-08-09 06:48:03,BTCUSDT,ask,62100,500.964
2024-08-09 06:48:05,BTCUSDT,ask,62100,501.232
2024-08-09 06:48:08,BTCUSDT,bid,57000,556.045
2024-08-09 06:48:09,BTCUSDT,ask,62000,505.767
2024-08-09 06:48:10,BTCUSDT,ask,62000,505.267
2024-08-09 06:48:10,BTCUSDT,ask,62000,505.277
2024-08-09 06:48:11,BTCUSDT,ask,62000,505.279
2024-08-09 06:48:21,BTCUSDT,ask,62500,521.742
2024-08-09 06:48:23,BTCUSDT,ask,62000,505.247
2024-08-09 06:48:25,BTCUSDT,bid,57200,547.078
2024-08-09 06:48:25,BTCUSDT,ask,62300,505.962
2024-08-09 06:48:26,BTCUSDT,ask,62500,521.695
2024-08-09 06:48:26,BTCUSDT,ask,62500,521.714
2024-08-09 06:48:28,BTCUSDT,ask,62000,505.149
2024-08-09 06:48:33,BTCUSDT,ask,62000,505.198
2024-08-09 06:48:35,BTCUSDT,ask,62000,505.149
2024-08-09 06:48:41,BTCUSDT,ask,62100,501.152
2024-08-09 06:48:44,BTCUSDT,ask,62000,508.664
2024-08-09 06:48:45,BTCUSDT,ask,62300,505.958
2024-08-09 06:48:47,BTCUSDT,ask,62000,508.668
2024-08-09 06:48:52,BTCUSDT,ask,62500,521.724
2024-08-09 06:48:53,BTCUSDT,ask,62000,508.67
2024-08-09 06:48:54,BTCUSDT,ask,62400,503.821
2024-08-09 06:48:56,BTCUSDT,ask,62000,508.672
2024-08-09 06:48:56,BTCUSDT,ask,62500,521.726
2024-08-09 06:49:00,BTCUSDT,ask,62000,508.721
2024-08-09 06:49:06,BTCUSDT,ask,62000,507.643
2024-08-09 06:49:06,BTCUSDT,ask,62300,505.974
2024-08-09 06:49:06,BTCUSDT,bid,57000,556.041
2024-08-09 06:49:07,BTCUSDT,ask,62000,507.611
2024-08-09 06:49:10,BTCUSDT,ask,62000,504.14
2024-08-09 06:49:11,BTCUSDT,ask,62000,504.136
2024-08-09 06:49:14,BTCUSDT,ask,62000,504.152
2024-08-09 06:49:15,BTCUSDT,ask,62000,504.093
2024-08-09 06:49:24,BTCUSDT,ask,62000,504.235
2024-08-09 06:49:24,BTCUSDT,ask,62100,501.156
2024-08-09 06:49:30,BTCUSDT,ask,62000,505.238
2024-08-09 06:49:34,BTCUSDT,ask,62000,505.238
2024-08-09 06:49:39,BTCUSDT,ask,62400,503.792
2024-08-09 06:49:40,BTCUSDT,ask,62500,521.828
2024-08-09 06:49:41,BTCUSDT,ask,62000,505.138
2024-08-09 06:49:41,BTCUSDT,ask,62000,505.144
2024-08-09 06:49:43,BTCUSDT,ask,62000,505.146
2024-08-09 06:49:43,BTCUSDT,ask,62400,503.79
2024-08-09 06:49:45,BTCUSDT,ask,62300,505.871
2024-08-09 06:49:45,BTCUSDT,ask,62300,505.971
2024-08-09 06:49:49,BTCUSDT,ask,62000,505.149
2024-08-09 06:49:50,BTCUSDT,ask,62000,505.143
2024-08-09 06:49:53,BTCUSDT,ask,62500,521.834
2024-08-09 06:49:55,BTCUSDT,ask,62000,505.145
2024-08-09 06:49:57,BTCUSDT,ask,62000,505.15
2024-08-09 06:49:59,BTCUSDT,ask,62000,505.16
2024-08-09 06:50:02,BTCUSDT,ask,62000,505.281
2024-08-09 06:50:02,BTCUSDT,ask,62000,505.283
2024-08-09 06:50:03,BTCUSDT,ask,62000,505.289
2024-08-09 06:50:04,BTCUSDT,ask,62000,505.292
2024-08-09 06:50:05,BTCUSDT,ask,62000,505.285
2024-08-09 06:50:05,BTCUSDT,ask,62500,521.875
2024-08-09 06:50:05,BTCUSDT,ask,62000,505.289
2024-08-09 06:50:09,BTCUSDT,ask,62000,505.339
2024-08-09 06:50:10,BTCUSDT,ask,62500,521.879
2024-08-09 06:50:14,BTCUSDT,bid,47000,859.739
2024-08-09 06:50:16,BTCUSDT,ask,62000,505.337
2024-08-09 06:50:19,BTCUSDT,ask,62500,521.634
2024-08-09 06:50:21,BTCUSDT,ask,62000,505.006
2024-08-09 06:50:23,BTCUSDT,ask,62000,505.016
2024-08-09 06:50:24,BTCUSDT,ask,62300,505.927
2024-08-09 06:50:24,BTCUSDT,ask,62500,521.611
2024-08-09 06:50:26,BTCUSDT,ask,62000,504.967
2024-08-09 06:50:27,BTCUSDT,ask,62000,504.965
2024-08-09 06:50:35,BTCUSDT,ask,62000,505.011
2024-08-09 06:50:38,BTCUSDT,ask,62200,508.662
2024-08-09 06:50:39,BTCUSDT,ask,62500,521.62
2024-08-09 06:50:41,BTCUSDT,ask,62500,521.67
2024-08-09 06:50:42,BTCUSDT,ask,62200,508.742
2024-08-09 06:50:45,BTCUSDT,ask,62200,508.782
2024-08-09 06:50:53,BTCUSDT,ask,62300,505.895
2024-08-09 06:50:57,BTCUSDT,ask,62000,504.716
2024-08-09 06:50:59,BTCUSDT,ask,62500,521.559
2024-08-09 06:51:01,BTCUSDT,ask,62000,504.7
2024-08-09 06:51:01,BTCUSDT,ask,62000,504.702
2024-08-09 06:51:05,BTCUSDT,ask,62300,506.895
2024-08-09 06:51:08,BTCUSDT,ask,62000,504.731
2024-08-09 06:51:08,BTCUSDT,ask,62500,520.461
2024-08-09 06:51:10,BTCUSDT,ask,62100,501.361
2024-08-09 06:51:12,BTCUSDT,ask,62000,504.77
2024-08-09 06:51:13,BTCUSDT,ask,62500,520.459
2024-08-09 06:51:14,BTCUSDT,ask,62500,520.141
2024-08-09 06:51:16,BTCUSDT,ask,62300,506.957
2024-08-09 06:51:16,BTCUSDT,ask,62000,504.762
2024-08-09 06:51:18,BTCUSDT,bid,57000,556.031
2024-08-09 06:51:26,BTCUSDT,ask,62500,520.139
2024-08-09 06:51:29,BTCUSDT,ask,62400,503.788
2024-08-09 06:51:29,BTCUSDT,ask,62100,501.329
2024-08-09 06:51:29,BTCUSDT,ask,62000,504.778
2024-08-09 06:51:34,BTCUSDT,ask,62200,508.682
2024-08-09 06:51:36,BTCUSDT,ask,62000,504.78
2024-08-09 06:51:36,BTCUSDT,ask,62500,520.141
2024-08-09 06:51:38,BTCUSDT,ask,62300,506.913
2024-08-09 06:51:39,BTCUSDT,ask,62400,503.79
2024-08-09 06:51:47,BTCUSDT,ask,62000,504.79
2024-08-09 06:51:47,BTCUSDT,ask,62100,501.203
2024-08-09 06:51:54,BTCUSDT,bid,57000,555.7
2024-08-09 06:51:57,BTCUSDT,ask,62500,520.143
2024-08-09 06:51:59,BTCUSDT,ask,62100,501.2
2024-08-09 06:52:00,BTCUSDT,ask,62000,504.806
2024-08-09 06:52:08,BTCUSDT,ask,62000,504.834
2024-08-09 06:52:08,BTCUSDT,ask,62500,520.115
2024-08-09 06:52:11,BTCUSDT,ask,62200,508.802
2024-08-09 06:52:13,BTCUSDT,ask,62000,504.914
2024-08-09 06:52:14,BTCUSDT,ask,62200,508.702
2024-08-09 06:52:26,BTCUSDT,bid,57000,555.701
2024-08-09 06:52:27,BTCUSDT,ask,62000,504.916
2024-08-09 06:52:29,BTCUSDT,ask,62400,504.406
2024-08-09 06:52:31,BTCUSDT,ask,62000,505.135
2024-08-09 06:52:32,BTCUSDT,ask,62500,520.132
2024-08-09 06:52:34,BTCUSDT,ask,62000,505.145
2024-08-09 06:52:34,BTCUSDT,ask,62000,505.147
2024-08-09 06:52:36,BTCUSDT,ask,62100,501.202
2024-08-09 06:52:39,BTCUSDT,ask,62000,505.15
2024-08-09 06:52:40,BTCUSDT,ask,62100,501.204
2024-08-09 06:52:41,BTCUSDT,ask,62100,501.274
2024-08-09 06:52:41,BTCUSDT,ask,62400,504.408
2024-08-09 06:52:42,BTCUSDT,ask,62500,520.168
2024-08-09 06:52:42,BTCUSDT,ask,62000,505.154
2024-08-09 06:52:43,BTCUSDT,ask,62400,504.378
2024-08-09 06:52:44,BTCUSDT,ask,62200,508.704
2024-08-09 06:52:44,BTCUSDT,ask,62200,508.706
2024-08-09 06:52:47,BTCUSDT,ask,62000,505.16
2024-08-09 06:52:49,BTCUSDT,ask,62300,506.915
2024-08-09 06:52:54,BTCUSDT,ask,62000,505.165
2024-08-09 06:52:54,BTCUSDT,ask,62000,505.183
2024-08-09 06:52:54,BTCUSDT,ask,62200,508.71
2024-08-09 06:52:55,BTCUSDT,ask,62500,520.318
2024-08-09 06:52:56,BTCUSDT,ask,62400,504.38
2024-08-09 06:52:59,BTCUSDT,ask,62500,520.47
2024-08-09 06:53:00,BTCUSDT,ask,62000,504.194
2024-08-09 06:53:03,BTCUSDT,ask,62000,504.224
2024-08-09 06:53:06,BTCUSDT,ask,62000,504.223
2024-08-09 06:53:07,BTCUSDT,ask,62300,506.918
2024-08-09 06:53:09,BTCUSDT,ask,62000,504.218
2024-08-09 06:53:11,BTCUSDT,ask,62400,504.436
2024-08-09 06:53:16,BTCUSDT,ask,62200,508.601
2024-08-09 06:53:24,BTCUSDT,ask,62000,504.224
2024-08-09 06:53:25,BTCUSDT,bid,57000,555.708
2024-08-09 06:53:28,BTCUSDT,ask,62200,508.607
2024-08-09 06:53:28,BTCUSDT,ask,62000,504.185
2024-08-09 06:53:32,BTCUSDT,bid,57000,555.714
2024-08-09 06:53:35,BTCUSDT,ask,62000,504.193
2024-08-09 06:53:37,BTCUSDT,ask,62200,508.567
2024-08-09 06:53:39,BTCUSDT,ask,62100,501.226
2024-08-09 06:53:39,BTCUSDT,ask,62400,504.438
2024-08-09 06:53:40,BTCUSDT,ask,62400,504.619
2024-08-09 06:53:40,BTCUSDT,ask,62500,520.474
2024-08-09 06:53:43,BTCUSDT,ask,62500,520.49
2024-08-09 06:53:45,BTCUSDT,ask,62000,504.293
2024-08-09 06:53:48,BTCUSDT,ask,62000,504.454
2024-08-09 06:53:50,BTCUSDT,ask,62400,506.039
2024-08-09 06:53:51,BTCUSDT,ask,62400,506.832
2024-08-09 06:53:52,BTCUSDT,ask,62500,520.492
2024-08-09 06:53:59,BTCUSDT,ask,62400,507.292
2024-08-09 06:53:59,BTCUSDT,ask,62400,506.499
2024-08-09 06:53:59,BTCUSDT,ask,62400,505.706
2024-08-09 06:54:00,BTCUSDT,ask,62400,504.913
2024-08-09 06:54:01,BTCUSDT,ask,62400,504.619
2024-08-09 06:54:01,BTCUSDT,ask,62500,520.992
2024-08-09 06:54:03,BTCUSDT,ask,62000,504.462
2024-08-09 06:54:05,BTCUSDT,ask,62000,504.819
2024-08-09 06:54:06,BTCUSDT,ask,62000,504.809
2024-08-09 06:54:06,BTCUSDT,ask,62500,521.0
2024-08-09 06:54:07,BTCUSDT,ask,62000,504.859
2024-08-09 06:54:08,BTCUSDT,ask,62000,504.864
2024-08-09 06:54:11,BTCUSDT,ask,62500,521.021
2024-08-09 06:54:13,BTCUSDT,ask,62000,504.969
2024-08-09 06:54:15,BTCUSDT,ask,62300,507.018
2024-08-09 06:54:16,BTCUSDT,ask,62500,521.181
2024-08-09 06:54:17,BTCUSDT,ask,62300,506.918
2024-08-09 06:54:18,BTCUSDT,ask,62200,508.505
2024-08-09 06:54:21,BTCUSDT,ask,62100,501.231
2024-08-09 06:54:22,BTCUSDT,bid,47000,858.739
2024-08-09 06:54:25,BTCUSDT,ask,62100,501.357
2024-08-09 06:54:25,BTCUSDT,ask,62400,504.844
2024-08-09 06:54:28,BTCUSDT,ask,62100,501.369
2024-08-09 06:54:29,BTCUSDT,ask,62100,501.299
2024-08-09 06:54:29,BTCUSDT,ask,62500,521.296
2024-08-09 06:54:30,BTCUSDT,ask,62000,504.953
2024-08-09 06:54:31,BTCUSDT,ask,62000,505.058
2024-08-09 06:54:38,BTCUSDT,ask,62000,505.098
2024-08-09 06:54:41,BTCUSDT,ask,62200,508.502
2024-08-09 06:54:42,BTCUSDT,ask,62500,521.298
2024-08-09 06:54:42,BTCUSDT,ask,62200,508.518
2024-08-09 06:54:44,BTCUSDT,ask,62200,508.533
2024-08-09 06:54:45,BTCUSDT,ask,62000,506.71
2024-08-09 06:54:46,BTCUSDT,ask,62000,506.714
2024-08-09 06:54:46,BTCUSDT,ask,62000,506.697
2024-08-09 06:54:46,BTCUSDT,ask,62100,501.29
2024-08-09 06:54:46,BTCUSDT,ask,62300,506.92
2024-08-09 06:54:48,BTCUSDT,ask,62000,505.197
2024-08-09 06:54:49,BTCUSDT,ask,62500,521.324
2024-08-09 06:54:49,BTCUSDT,ask,62000,505.234
2024-08-09 06:54:50,BTCUSDT,ask,62300,506.808
2024-08-09 06:54:51,BTCUSDT,ask,62400,504.616
2024-08-09 06:54:51,BTCUSDT,ask,62500,521.721
2024-08-09 06:54:54,BTCUSDT,ask,62000,505.234
2024-08-09 06:54:55,BTCUSDT,ask,62400,504.618
2024-08-09 06:54:57,BTCUSDT,ask,62200,508.527
2024-08-09 06:54:57,BTCUSDT,ask,62400,504.638
2024-08-09 06:55:00,BTCUSDT,ask,62500,521.814
2024-08-09 06:55:01,BTCUSDT,ask,62000,505.184
2024-08-09 06:55:01,BTCUSDT,ask,62500,521.864
2024-08-09 06:55:02,BTCUSDT,ask,62500,521.854
2024-08-09 06:55:03,BTCUSDT,ask,62500,521.856
2024-08-09 06:55:06,BTCUSDT,ask,62200,508.524
2024-08-09 06:55:10,BTCUSDT,ask,62000,505.248
2024-08-09 06:55:15,BTCUSDT,ask,62000,505.22
2024-08-09 06:55:15,BTCUSDT,ask,62500,521.876
2024-08-09 06:55:21,BTCUSDT,ask,62500,521.83
2024-08-09 06:55:22,BTCUSDT,ask,62100,501.276
2024-08-09 06:55:22,BTCUSDT,ask,62500,521.832
2024-08-09 06:55:25,BTCUSDT,ask,62000,505.115
2024-08-09 06:55:25,BTCUSDT,ask,62000,505.125
2024-08-09 06:55:25,BTCUSDT,ask,62300,507.61
2024-08-09 06:55:28,BTCUSDT,ask,62300,507.578
2024-08-09 06:55:31,BTCUSDT,ask,62300,507.658
2024-08-09 06:55:33,BTCUSDT,ask,62000,505.153
2024-08-09 06:55:33,BTCUSDT,ask,62000,505.278
2024-08-09 06:55:35,BTCUSDT,ask,62500,521.856
2024-08-09 06:55:35,BTCUSDT,ask,62000,505.271
2024-08-09 06:55:36,BTCUSDT,ask,62200,508.528
2024-08-09 06:55:39,BTCUSDT,ask,62500,521.846
2024-08-09 06:55:40,BTCUSDT,ask,62000,505.152
2024-08-09 06:55:42,BTCUSDT,ask,62000,505.072
2024-08-09 06:55:42,BTCUSDT,ask,62500,521.925
2024-08-09 06:55:50,BTCUSDT,ask,62000,505.075
2024-08-09 06:55:54,BTCUSDT,ask,62000,505.071
2024-08-09 06:55:56,BTCUSDT,ask,62000,505.095
2024-08-09 06:55:59,BTCUSDT,ask,62300,507.675
2024-08-09 06:56:04,BTCUSDT,ask,62100,501.217
2024-08-09 06:56:07,BTCUSDT,ask,62400,504.814
2024-08-09 06:56:15,BTCUSDT,ask,62500,521.825
2024-08-09 06:56:15,BTCUSDT,ask,62200,508.523
2024-08-09 06:56:15,BTCUSDT,ask,62000,505.126
2024-08-09 06:56:16,BTCUSDT,ask,62300,507.658
2024-08-09 06:56:19,BTCUSDT,ask,62000,505.12
2024-08-09 06:56:19,BTCUSDT,ask,62500,521.823
2024-08-09 06:56:23,BTCUSDT,ask,62200,508.52
2024-08-09 06:56:24,BTCUSDT,ask,62500,521.789
2024-08-09 06:56:26,BTCUSDT,bid,57000,555.715
2024-08-09 06:56:30,BTCUSDT,ask,62000,505.089
2024-08-09 06:56:32,BTCUSDT,ask,62200,508.526
2024-08-09 06:56:35,BTCUSDT,ask,62300,507.637
2024-08-09 06:56:35,BTCUSDT,ask,62300,507.737
2024-08-09 06:56:37,BTCUSDT,ask,62000,505.005
2024-08-09 06:56:39,BTCUSDT,ask,62500,521.639
2024-08-09 06:56:40,BTCUSDT,ask,62500,521.634
2024-08-09 06:56:42,BTCUSDT,ask,62000,505.015
2024-08-09 06:56:45,BTCUSDT,ask,62500,521.641
2024-08-09 06:56:46,BTCUSDT,ask,62500,521.689
2024-08-09 06:56:46,BTCUSDT,ask,61700,500.004
2024-08-09 06:56:47,BTCUSDT,ask,61700,500.304
2024-08-09 06:56:47,BTCUSDT,ask,61700,500.004
2024-08-09 06:56:47,BTCUSDT,ask,61700,500.008
2024-08-09 06:56:47,BTCUSDT,ask,62200,508.553
2024-08-09 06:56:50,BTCUSDT,ask,61700,500.088
2024-08-09 06:56:52,BTCUSDT,ask,61700,500.008
2024-08-09 06:56:52,BTCUSDT,ask,61700,500.004
2024-08-09 06:56:53,BTCUSDT,ask,62000,500.011
2024-08-09 06:56:56,BTCUSDT,ask,61800,502.234
2024-08-09 06:56:56,BTCUSDT,ask,62100,501.298
2024-08-09 06:56:57,BTCUSDT,ask,62500,521.719
2024-08-09 06:56:57,BTCUSDT,ask,61800,502.24
2024-08-09 06:56:57,BTCUSDT,ask,62000,505.021
2024-08-09 06:56:57,BTCUSDT,ask,62200,508.559
2024-08-09 06:56:57,BTCUSDT,ask,62400,504.819
2024-08-09 06:56:57,BTCUSDT,ask,61800,502.24
2024-08-09 06:56:58,BTCUSDT,ask,61800,501.083
2024-08-09 06:57:01,BTCUSDT,ask,61700,500.007
2024-08-09 06:57:01,BTCUSDT,ask,61800,501.083
2024-08-09 06:57:02,BTCUSDT,ask,61700,500.004
2024-08-09 06:57:02,BTCUSDT,ask,62000,504.905
2024-08-09 06:57:05,BTCUSDT,ask,61900,527.929
2024-08-09 06:57:06,BTCUSDT,ask,62000,504.548
2024-08-09 06:57:07,BTCUSDT,ask,61700,500.164
2024-08-09 06:57:08,BTCUSDT,ask,62000,504.552
2024-08-09 06:57:08,BTCUSDT,ask,61700,500.004
2024-08-09 06:57:08,BTCUSDT,ask,61700,500.1
2024-08-09 06:57:08,BTCUSDT,ask,62300,507.739
2024-08-09 06:57:09,BTCUSDT,ask,61700,500.004
2024-08-09 06:57:13,BTCUSDT,ask,62000,504.554
2024-08-09 06:57:14,BTCUSDT,ask,62200,508.557
2024-08-09 06:57:14,BTCUSDT,ask,62300,507.737
2024-08-09 06:57:15,BTCUSDT,ask,62500,521.751
2024-08-09 06:57:16,BTCUSDT,ask,62000,504.602
2024-08-09 06:57:20,BTCUSDT,ask,61700,500.104
2024-08-09 06:57:20,BTCUSDT,ask,62100,501.281
2024-08-09 06:57:24,BTCUSDT,ask,61800,501.104
2024-08-09 06:57:24,BTCUSDT,ask,61700,500.125
2024-08-09 06:57:26,BTCUSDT,ask,61700,500.127
2024-08-09 06:57:26,BTCUSDT,ask,62000,504.553
2024-08-09 06:57:26,BTCUSDT,ask,61700,500.14
2024-08-09 06:57:26,BTCUSDT,ask,62500,527.151
2024-08-09 06:57:28,BTCUSDT,ask,62200,508.704
2024-08-09 06:57:29,BTCUSDT,bid,57000,555.712
2024-08-09 06:57:29,BTCUSDT,ask,62200,508.954
2024-08-09 06:57:30,BTCUSDT,ask,62300,507.753
2024-08-09 06:57:32,BTCUSDT,ask,61700,500.019
2024-08-09 06:57:33,BTCUSDT,ask,61700,500.017
2024-08-09 06:57:34,BTCUSDT,ask,61700,500.004
2024-08-09 06:57:35,BTCUSDT,ask,61700,500.034
2024-08-09 06:57:35,BTCUSDT,ask,62200,508.807
2024-08-09 06:57:36,BTCUSDT,ask,61700,500.114
2024-08-09 06:57:36,BTCUSDT,ask,61700,500.1
2024-08-09 06:57:36,BTCUSDT,ask,61700,500.02
2024-08-09 06:57:38,BTCUSDT,ask,61700,500.204
2024-08-09 06:57:38,BTCUSDT,ask,61700,500.004
2024-08-09 06:57:39,BTCUSDT,ask,61700,500.016
2024-08-09 06:57:40,BTCUSDT,ask,61700,500.028
2024-08-09 06:57:44,BTCUSDT,ask,61700,500.044
2024-08-09 06:57:45,BTCUSDT,ask,61700,500.028
2024-08-09 06:57:45,BTCUSDT,ask,61900,527.929
2024-08-09 06:57:45,BTCUSDT,ask,62300,507.769
2024-08-09 06:57:47,BTCUSDT,ask,61700,500.124
2024-08-09 06:57:48,BTCUSDT,ask,61700,500.028
2024-08-09 06:57:48,BTCUSDT,bid,57000,555.682
2024-08-09 06:57:49,BTCUSDT,ask,61700,500.061
2024-08-09 06:57:49,BTCUSDT,ask,61900,503.945
2024-08-09 06:57:49,BTCUSDT,ask,61800,501.081
2024-08-09 06:57:50,BTCUSDT,ask,61800,501.181
2024-08-09 06:57:50,BTCUSDT,ask,61700,500.094
2024-08-09 06:57:51,BTCUSDT,ask,62200,508.954
2024-08-09 06:57:55,BTCUSDT,ask,62000,504.893
2024-08-09 06:57:58,BTCUSDT,ask,61800,501.199
2024-08-09 06:57:59,BTCUSDT,ask,62000,504.89
2024-08-09 06:58:02,BTCUSDT,ask,62000,504.765
2024-08-09 06:58:04,BTCUSDT,bid,57000,555.684
2024-08-09 06:58:04,BTCUSDT,ask,61800,501.207
2024-08-09 06:58:04,BTCUSDT,ask,62400,504.826
2024-08-09 06:58:05,BTCUSDT,ask,61800,502.582
2024-08-09 06:58:06,BTCUSDT,ask,61700,500.087
2024-08-09 06:58:08,BTCUSDT,ask,62000,505.341
2024-08-09 06:58:08,BTCUSDT,ask,62500,526.589
2024-08-09 06:58:09,BTCUSDT,ask,62100,501.386
2024-08-09 06:58:11,BTCUSDT,ask,61800,502.477
2024-08-09 06:58:13,BTCUSDT,ask,61900,504.067
2024-08-09 06:58:14,BTCUSDT,ask,62400,504.824
2024-08-09 06:58:14,BTCUSDT,ask,62200,509.059
2024-08-09 06:58:15,BTCUSDT,ask,62400,504.868
2024-08-09 06:58:18,BTCUSDT,ask,62000,505.741
2024-08-09 06:58:18,BTCUSDT,ask,62300,507.869
2024-08-09 06:58:21,BTCUSDT,ask,61800,502.491
2024-08-09 06:58:25,BTCUSDT,ask,62100,501.381
2024-08-09 06:58:25,BTCUSDT,ask,62400,504.955
2024-08-09 06:58:25,BTCUSDT,ask,61800,502.544
2024-08-09 06:58:27,BTCUSDT,ask,61800,502.546
2024-08-09 06:58:30,BTCUSDT,ask,62500,528.185
2024-08-09 06:58:33,BTCUSDT,ask,61800,502.602
2024-08-09 06:58:33,BTCUSDT,ask,62500,528.285
2024-08-09 06:58:34,BTCUSDT,ask,62000,505.78
2024-08-09 06:58:35,BTCUSDT,ask,62500,528.374
2024-08-09 06:58:39,BTCUSDT,ask,61700,500.015
2024-08-09 06:58:39,BTCUSDT,ask,61900,504.083
2024-08-09 06:58:40,BTCUSDT,ask,62200,508.75
2024-08-09 06:58:41,BTCUSDT,ask,61900,504.085
2024-08-09 06:58:43,BTCUSDT,ask,61900,504.135
2024-08-09 06:58:45,BTCUSDT,ask,62400,505.055
2024-08-09 06:58:49,BTCUSDT,ask,61700,500.006
2024-08-09 06:58:50,BTCUSDT,ask,62100,501.383
2024-08-09 06:58:51,BTCUSDT,ask,62000,505.778
2024-08-09 06:58:52,BTCUSDT,ask,61800,502.606
2024-08-09 06:58:53,BTCUSDT,ask,62300,507.869
2024-08-09 06:58:53,BTCUSDT,ask,61800,502.6
2024-08-09 06:58:57,BTCUSDT,ask,62500,528.602
2024-08-09 06:58:58,BTCUSDT,ask,62000,505.785
2024-08-09 06:58:58,BTCUSDT,ask,61700,500.61
2024-08-09 06:58:58,BTCUSDT,ask,61700,500.61
2024-08-09 06:58:59,BTCUSDT,ask,61700,500.61
2024-08-09 06:59:00,BTCUSDT,ask,61700,500.004
2024-08-09 06:59:00,BTCUSDT,ask,61900,504.137
2024-08-09 06:59:01,BTCUSDT,ask,61700,500.144
2024-08-09 06:59:01,BTCUSDT,ask,61700,500.004
2024-08-09 06:59:01,BTCUSDT,ask,61700,500.144
2024-08-09 06:59:02,BTCUSDT,ask,61800,502.605
2024-08-09 06:59:02,BTCUSDT,ask,61700,500.004
2024-08-09 06:59:02,BTCUSDT,ask,61700,500.069
2024-08-09 06:59:02,BTCUSDT,ask,61700,500.004
2024-08-09 06:59:02,BTCUSDT,bid,57000,555.739
2024-08-09 06:59:03,BTCUSDT,ask,61800,503.043
2024-08-09 06:59:04,BTCUSDT,ask,61800,502.685
2024-08-09 06:59:05,BTCUSDT,ask,62100,501.433
2024-08-09 06:59:06,BTCUSDT,ask,61900,504.137
2024-08-09 06:59:06,BTCUSDT,ask,61800,502.794
2024-08-09 06:59:07,BTCUSDT,ask,62000,505.782
2024-08-09 06:59:09,BTCUSDT,ask,62000,505.774
2024-08-09 06:59:14,BTCUSDT,ask,62300,507.871
2024-08-09 06:59:15,BTCUSDT,bid,61000,641.307
2024-08-09 06:59:15,BTCUSDT,ask,61800,502.861
2024-08-09 06:59:15,BTCUSDT,ask,62000,505.838
2024-08-09 06:59:16,BTCUSDT,ask,61800,502.885
2024-08-09 06:59:17,BTCUSDT,bid,57200,547.09
2024-08-09 06:59:17,BTCUSDT,ask,61800,503.104
2024-08-09 06:59:18,BTCUSDT,ask,62100,501.437
2024-08-09 06:59:19,BTCUSDT,ask,61800,503.106
2024-08-09 06:59:24,BTCUSDT,ask,62000,505.84
2024-08-09 06:59:25,BTCUSDT,ask,61800,502.887
2024-08-09 06:59:26,BTCUSDT,ask,61800,502.891
2024-08-09 06:59:27,BTCUSDT,ask,62000,505.442
2024-08-09 06:59:30,BTCUSDT,ask,61800,502.892
2024-08-09 06:59:30,BTCUSDT,ask,62000,505.492
2024-08-09 06:59:32,BTCUSDT,ask,61800,502.9
2024-08-09 06:59:32,BTCUSDT,ask,61800,502.902
2024-08-09 06:59:32,BTCUSDT,ask,61800,502.894
2024-08-09 06:59:33,BTCUSDT,ask,61800,502.878
2024-08-09 06:59:37,BTCUSDT,ask,61900,504.136
2024-08-09 06:59:37,BTCUSDT,ask,61800,502.858
2024-08-09 06:59:38,BTCUSDT,ask,62000,505.5
2024-08-09 06:59:38,BTCUSDT,ask,61800,503.258
2024-08-09 06:59:39,BTCUSDT,ask,61900,504.206
2024-08-09 06:59:42,BTCUSDT,ask,62100,501.367
2024-08-09 06:59:43,BTCUSDT,ask,62500,528.597
2024-08-09 06:59:44,BTCUSDT,ask,62500,528.607
2024-08-09 06:59:48,BTCUSDT,ask,61800,503.254
2024-08-09 06:59:49,BTCUSDT,ask,62000,505.502
2024-08-09 06:59:52,BTCUSDT,ask,62400,505.283
2024-08-09 06:59:53,BTCUSDT,ask,62500,528.61
2024-08-09 06:59:55,BTCUSDT,ask,62500,528.45
2024-08-09 06:59:56,BTCUSDT,ask,62300,507.888
2024-08-09 07:00:04,BTCUSDT,ask,61800,503.254
2024-08-09 07:00:05,BTCUSDT,ask,61800,503.254
2024-08-09 07:00:08,BTCUSDT,ask,62100,501.544
2024-08-09 07:00:10,BTCUSDT,ask,61800,503.304
2024-08-09 07:00:14,BTCUSDT,ask,62000,505.467
2024-08-09 07:00:15,BTCUSDT,ask,61900,504.208
2024-08-09 07:00:17,BTCUSDT,ask,61900,504.206
2024-08-09 07:00:17,BTCUSDT,ask,61900,504.208
2024-08-09 07:00:19,BTCUSDT,ask,62300,507.89
2024-08-09 07:00:20,BTCUSDT,ask,61800,503.317
2024-08-09 07:00:20,BTCUSDT,ask,62000,505.507
2024-08-09 07:00:22,BTCUSDT,ask,62000,505.511
2024-08-09 07:00:24,BTCUSDT,ask,61900,504.213
2024-08-09 07:00:24,BTCUSDT,ask,61800,503.319
2024-08-09 07:00:27,BTCUSDT,ask,62000,506.326
2024-08-09 07:00:27,BTCUSDT,ask,62500,528.464
2024-08-09 07:00:31,BTCUSDT,ask,61800,503.316
2024-08-09 07:00:33,BTCUSDT,bid,57000,555.737
2024-08-09 07:00:33,BTCUSDT,ask,62300,509.162
2024-08-09 07:00:33,BTCUSDT,ask,61800,503.316
2024-08-09 07:00:36,BTCUSDT,bid,47500,637.263
2024-08-09 07:00:36,BTCUSDT,ask,62100,501.367
2024-08-09 07:00:40,BTCUSDT,ask,61800,503.316
2024-08-09 07:00:40,BTCUSDT,ask,61900,504.141
2024-08-09 07:00:41,BTCUSDT,ask,62500,528.461
2024-08-09 07:00:43,BTCUSDT,ask,61800,503.896
2024-08-09 07:00:43,BTCUSDT,ask,62000,506.347
2024-08-09 07:00:44,BTCUSDT,ask,62200,508.762
2024-08-09 07:00:44,BTCUSDT,ask,61800,503.321
2024-08-09 07:00:46,BTCUSDT,bid,57200,547.04
2024-08-09 07:00:46,BTCUSDT,ask,62000,506.349
2024-08-09 07:00:48,BTCUSDT,ask,62300,507.988
2024-08-09 07:00:52,BTCUSDT,ask,62200,508.926
2024-08-09 07:00:59,BTCUSDT,ask,62500,528.678
2024-08-09 07:01:01,BTCUSDT,ask,62500,528.178
2024-08-09 07:01:04,BTCUSDT,ask,62000,506.402
2024-08-09 07:01:04,BTCUSDT,ask,62300,509.579
2024-08-09 07:01:06,BTCUSDT,ask,62200,510.545
2024-08-09 07:01:06,BTCUSDT,ask,62200,510.195
2024-08-09 07:01:14,BTCUSDT,ask,62000,506.402
2024-08-09 07:01:15,BTCUSDT,ask,61800,503.358
2024-08-09 07:01:18,BTCUSDT,ask,61800,503.351
2024-08-09 07:01:22,BTCUSDT,bid,47000,858.736
2024-08-09 07:01:23,BTCUSDT,ask,61800,503.342
2024-08-09 07:01:27,BTCUSDT,ask,62500,527.195
2024-08-09 07:01:28,BTCUSDT,ask,61800,503.368
2024-08-09 07:01:34,BTCUSDT,ask,62400,506.076
2024-08-09 07:01:37,BTCUSDT,bid,57000,555.732
2024-08-09 07:01:42,BTCUSDT,ask,62000,506.273
2024-08-09 07:01:44,BTCUSDT,ask,62200,510.417
2024-08-09 07:01:44,BTCUSDT,ask,62000,506.362
2024-08-09 07:01:45,BTCUSDT,ask,62200,510.542
2024-08-09 07:01:53,BTCUSDT,ask,61800,503.388
2024-08-09 07:01:56,BTCUSDT,ask,62300,509.531
2024-08-09 07:01:58,BTCUSDT,ask,62300,507.937
2024-08-09 07:01:58,BTCUSDT,ask,61900,504.219
2024-08-09 07:01:59,BTCUSDT,ask,62100,501.331
2024-08-09 07:02:04,BTCUSDT,ask,61800,503.288
2024-08-09 07:02:04,BTCUSDT,ask,61800,503.29
2024-08-09 07:02:05,BTCUSDT,ask,62000,506.539
2024-08-09 07:02:07,BTCUSDT,ask,61800,503.181
2024-08-09 07:02:10,BTCUSDT,ask,62500,527.295
2024-08-09 07:02:12,BTCUSDT,ask,61800,503.157
2024-08-09 07:02:15,BTCUSDT,bid,57000,555.728
2024-08-09 07:02:15,BTCUSDT,ask,62000,506.535
2024-08-09 07:02:15,BTCUSDT,ask,62500,527.183
2024-08-09 07:02:16,BTCUSDT,bid,57000,555.591
2024-08-09 07:02:22,BTCUSDT,bid,57000,555.728
2024-08-09 07:02:22,BTCUSDT,ask,61800,503.157
2024-08-09 07:02:23,BTCUSDT,ask,61800,503.16
2024-08-09 07:02:24,BTCUSDT,ask,61800,503.165
2024-08-09 07:02:26,BTCUSDT,ask,61800,503.167
2024-08-09 07:02:30,BTCUSDT,bid,57000,555.73
2024-08-09 07:02:33,BTCUSDT,ask,61800,503.267
2024-08-09 07:02:33,BTCUSDT,ask,62300,507.941
2024-08-09 07:02:34,BTCUSDT,ask,62000,506.735
2024-08-09 07:02:35,BTCUSDT,ask,62300,507.925
2024-08-09 07:02:38,BTCUSDT,ask,61800,503.273
2024-08-09 07:02:40,BTCUSDT,ask,62300,507.921
2024-08-09 07:02:41,BTCUSDT,ask,62100,501.342
2024-08-09 07:02:41,BTCUSDT,ask,62500,527.499
2024-08-09 07:02:41,BTCUSDT,ask,62300,507.925
2024-08-09 07:02:45,BTCUSDT,ask,62500,527.47
2024-08-09 07:02:46,BTCUSDT,ask,61900,504.313
2024-08-09 07:02:46,BTCUSDT,ask,62500,527.483
2024-08-09 07:02:47,BTCUSDT,ask,62500,527.491
2024-08-09 07:02:48,BTCUSDT,ask,61800,503.372
2024-08-09 07:02:56,BTCUSDT,ask,62000,506.692
2024-08-09 07:02:56,BTCUSDT,ask,61800,503.398
2024-08-09 07:02:58,BTCUSDT,ask,61900,504.333
2024-08-09 07:03:02,BTCUSDT,ask,62500,527.611
2024-08-09 07:03:02,BTCUSDT,ask,61800,503.411
2024-08-09 07:03:05,BTCUSDT,ask,62300,508.043
2024-08-09 07:03:07,BTCUSDT,ask,62000,506.714
2024-08-09 07:03:07,BTCUSDT,ask,62100,501.442
2024-08-09 07:03:10,BTCUSDT,ask,62100,501.488
2024-08-09 07:03:10,BTCUSDT,ask,62100,501.388
2024-08-09 07:03:11,BTCUSDT,ask,61900,504.233
2024-08-09 07:03:12,BTCUSDT,ask,61800,503.311
2024-08-09 07:03:13,BTCUSDT,ask,62500,527.693
2024-08-09 07:03:14,BTCUSDT,bid,61000,641.315
2024-08-09 07:03:15,BTCUSDT,ask,61800,503.311
2024-08-09 07:03:21,BTCUSDT,ask,62500,527.933
2024-08-09 07:03:25,BTCUSDT,ask,62000,506.716
2024-08-09 07:03:25,BTCUSDT,ask,62100,501.488
2024-08-09 07:03:25,BTCUSDT,bid,61000,641.318
2024-08-09 07:03:28,BTCUSDT,bid,61000,641.31
2024-08-09 07:03:28,BTCUSDT,ask,62100,501.388
2024-08-09 07:03:31,BTCUSDT,ask,61800,503.311
2024-08-09 07:03:32,BTCUSDT,ask,62000,506.686
2024-08-09 07:03:38,BTCUSDT,ask,61800,503.183
2024-08-09 07:03:42,BTCUSDT,ask,62300,508.072
2024-08-09 07:03:43,BTCUSDT,ask,62500,528.433
2024-08-09 07:03:54,BTCUSDT,ask,62100,501.488
2024-08-09 07:03:55,BTCUSDT,ask,62500,528.533
2024-08-09 07:03:57,BTCUSDT,ask,62300,505.072
2024-08-09 07:03:58,BTCUSDT,ask,62500,528.54
2024-08-09 07:04:00,BTCUSDT,ask,62000,507.186
2024-08-09 07:04:05,BTCUSDT,ask,62000,507.153
2024-08-09 07:04:05,BTCUSDT,ask,62100,501.396
2024-08-09 07:04:06,BTCUSDT,ask,61800,503.181
2024-08-09 07:04:13,BTCUSDT,ask,62500,528.669
2024-08-09 07:04:16,BTCUSDT,bid,47500,636.263
2024-08-09 07:04:18,BTCUSDT,ask,62000,507.151
2024-08-09 07:04:18,BTCUSDT,ask,62300,505.086
2024-08-09 07:04:18,BTCUSDT,ask,62000,507.154
2024-08-09 07:04:24,BTCUSDT,ask,61800,503.186
2024-08-09 07:04:24,BTCUSDT,ask,61800,504.186
2024-08-09 07:04:27,BTCUSDT,ask,62000,507.062
2024-08-09 07:04:28,BTCUSDT,ask,61800,504.171
2024-08-09 07:04:28,BTCUSDT,ask,62000,507.074
2024-08-09 07:04:29,BTCUSDT,bid,61000,641.312
2024-08-09 07:04:29,BTCUSDT,bid,61000,641.314
2024-08-09 07:04:30,BTCUSDT,ask,61900,504.339
2024-08-09 07:04:32,BTCUSDT,bid,57000,555.705
2024-08-09 07:04:32,BTCUSDT,ask,61900,504.342
2024-08-09 07:04:34,BTCUSDT,ask,62000,507.174
2024-08-09 07:04:34,BTCUSDT,bid,57000,555.709
2024-08-09 07:04:35,BTCUSDT,ask,61800,504.204
2024-08-09 07:04:39,BTCUSDT,bid,61000,641.312
2024-08-09 07:04:39,BTCUSDT,bid,61000,641.31
2024-08-09 07:04:40,BTCUSDT,ask,62300,505.069
2024-08-09 07:04:40,BTCUSDT,ask,62500,528.685
2024-08-09 07:04:41,BTCUSDT,ask,61900,503.263
2024-08-09 07:04:43,BTCUSDT,ask,62500,528.661
2024-08-09 07:04:47,BTCUSDT,ask,62000,507.366
2024-08-09 07:04:58,BTCUSDT,ask,62500,528.632
2024-08-09 07:04:58,BTCUSDT,ask,61800,503.402
2024-08-09 07:05:06,BTCUSDT,ask,61800,503.482
2024-08-09 07:05:06,BTCUSDT,ask,62100,501.393
2024-08-09 07:05:14,BTCUSDT,ask,62200,510.55
2024-08-09 07:05:17,BTCUSDT,ask,62500,529.465
2024-08-09 07:05:26,BTCUSDT,ask,62500,528.632
2024-08-09 07:05:26,BTCUSDT,ask,62500,528.652
2024-08-09 07:05:26,BTCUSDT,ask,61800,503.212
2024-08-09 07:05:33,BTCUSDT,ask,62000,511.083
2024-08-09 07:05:34,BTCUSDT,ask,61800,503.233
2024-08-09 07:05:34,BTCUSDT,ask,62000,511.095
2024-08-09 07:05:37,BTCUSDT,ask,61900,503.357
2024-08-09 07:05:37,BTCUSDT,ask,61800,503.171
2024-08-09 07:05:42,BTCUSDT,ask,62000,511.37
2024-08-09 07:05:44,BTCUSDT,ask,62500,528.529
2024-08-09 07:05:48,BTCUSDT,ask,61800,503.188
2024-08-09 07:05:58,BTCUSDT,ask,62500,528.534
2024-08-09 07:05:59,BTCUSDT,ask,61900,503.327
2024-08-09 07:05:59,BTCUSDT,bid,57000,555.711
2024-08-09 07:05:59,BTCUSDT,ask,62200,510.659
2024-08-09 07:06:00,BTCUSDT,ask,62100,501.493
2024-08-09 07:06:03,BTCUSDT,ask,62200,511.176
2024-08-09 07:06:03,BTCUSDT,ask,62500,528.569
2024-08-09 07:06:04,BTCUSDT,ask,62200,511.179
2024-08-09 07:06:05,BTCUSDT,ask,62100,501.393
2024-08-09 07:06:07,BTCUSDT,ask,62200,511.015
2024-08-09 07:06:08,BTCUSDT,ask,61900,503.341
2024-08-09 07:06:14,BTCUSDT,ask,61800,503.19
2024-08-09 07:06:15,BTCUSDT,bid,61000,641.366
2024-08-09 07:06:16,BTCUSDT,ask,61800,503.228
2024-08-09 07:06:17,BTCUSDT,ask,62000,507.906
2024-08-09 07:06:22,BTCUSDT,bid,61000,641.759
2024-08-09 07:06:23,BTCUSDT,ask,62500,528.571
2024-08-09 07:06:24,BTCUSDT,ask,61800,506.825
2024-08-09 07:06:29,BTCUSDT,ask,62500,529.404
2024-08-09 07:06:32,BTCUSDT,ask,61800,506.799
2024-08-09 07:06:32,BTCUSDT,ask,62100,501.398
2024-08-09 07:06:33,BTCUSDT,ask,62300,505.065
2024-08-09 07:06:33,BTCUSDT,ask,62000,508.377
2024-08-09 07:06:36,BTCUSDT,ask,61800,503.207
2024-08-09 07:06:37,BTCUSDT,ask,62500,528.571
2024-08-09 07:06:40,BTCUSDT,ask,62000,508.523
2024-08-09 07:06:47,BTCUSDT,ask,62000,508.534
2024-08-09 07:06:48,BTCUSDT,ask,62500,528.605
2024-08-09 07:06:49,BTCUSDT,ask,61800,505.418
2024-08-09 07:06:52,BTCUSDT,ask,62000,508.542
2024-08-09 07:06:52,BTCUSDT,ask,62500,528.612
2024-08-09 07:06:58,BTCUSDT,ask,61800,505.42
2024-08-09 07:06:59,BTCUSDT,ask,62100,501.445
2024-08-09 07:07:04,BTCUSDT,bid,47000,858.978
2024-08-09 07:07:08,BTCUSDT,ask,61800,505.426
2024-08-09 07:07:17,BTCUSDT,ask,62000,508.546
2024-08-09 07:07:19,BTCUSDT,bid,61000,641.366
2024-08-09 07:07:22,BTCUSDT,ask,62200,511.022
2024-08-09 07:07:23,BTCUSDT,ask,62000,508.542
2024-08-09 07:07:32,BTCUSDT,ask,62500,527.726
2024-08-09 07:07:32,BTCUSDT,bid,47000,858.736
2024-08-09 07:07:35,BTCUSDT,ask,62000,508.299
2024-08-09 07:07:35,BTCUSDT,ask,62000,508.399
2024-08-09 07:07:38,BTCUSDT,ask,62000,508.299
2024-08-09 07:07:39,BTCUSDT,ask,62000,508.399
2024-08-09 07:07:39,BTCUSDT,ask,62200,510.99
2024-08-09 07:07:39,BTCUSDT,bid,57000,555.761
2024-08-09 07:07:41,BTCUSDT,bid,47500,636.502
2024-08-09 07:07:42,BTCUSDT,ask,61800,504.38
2024-08-09 07:07:43,BTCUSDT,ask,62400,505.244
2024-08-09 07:07:46,BTCUSDT,ask,62000,508.409
2024-08-09 07:07:46,BTCUSDT,ask,61800,504.509
2024-08-09 07:07:49,BTCUSDT,ask,61800,504.381
2024-08-09 07:07:50,BTCUSDT,ask,61900,555.447
2024-08-09 07:07:50,BTCUSDT,ask,62300,505.106
2024-08-09 07:07:58,BTCUSDT,ask,62200,510.996
2024-08-09 07:07:58,BTCUSDT,ask,61800,504.301
2024-08-09 07:08:00,BTCUSDT,ask,62100,501.441
2024-08-09 07:08:03,BTCUSDT,ask,62000,508.61
2024-08-09 07:08:06,BTCUSDT,bid,47000,858.584
2024-08-09 07:08:08,BTCUSDT,ask,61800,504.303
2024-08-09 07:08:09,BTCUSDT,ask,62200,511.001
2024-08-09 07:08:10,BTCUSDT,ask,62500,527.606
2024-08-09 07:08:11,BTCUSDT,ask,61800,504.305
2024-08-09 07:08:14,BTCUSDT,ask,62500,527.637
2024-08-09 07:08:14,BTCUSDT,ask,62000,508.65
2024-08-09 07:08:16,BTCUSDT,ask,62000,508.652
2024-08-09 07:08:17,BTCUSDT,ask,61800,504.347
2024-08-09 07:08:24,BTCUSDT,ask,62500,527.694
2024-08-09 07:08:26,BTCUSDT,ask,62300,505.074
2024-08-09 07:08:26,BTCUSDT,ask,61900,555.348
2024-08-09 07:08:26,BTCUSDT,ask,61900,555.346
2024-08-09 07:08:27,BTCUSDT,ask,62300,505.075
2024-08-09 07:08:29,BTCUSDT,ask,61800,504.349
2024-08-09 07:08:33,BTCUSDT,ask,62300,505.074
2024-08-09 07:08:35,BTCUSDT,ask,62500,528.694
2024-08-09 07:08:35,BTCUSDT,bid,57000,555.674
2024-08-09 07:08:36,BTCUSDT,ask,62200,511.012
2024-08-09 07:08:38,BTCUSDT,ask,61800,504.369
2024-08-09 07:08:38,BTCUSDT,bid,47000,858.732
2024-08-09 07:08:38,BTCUSDT,bid,57000,555.671
2024-08-09 07:08:38,BTCUSDT,ask,62400,505.242
2024-08-09 07:08:39,BTCUSDT,ask,61800,504.352
2024-08-09 07:08:39,BTCUSDT,ask,62000,509.198
2024-08-09 07:08:46,BTCUSDT,ask,61800,504.356
2024-08-09 07:08:46,BTCUSDT,ask,61900,554.559
2024-08-09 07:08:46,BTCUSDT,ask,62300,504.272
2024-08-09 07:08:51,BTCUSDT,ask,61800,504.45
2024-08-09 07:08:53,BTCUSDT,ask,62000,509.218
2024-08-09 07:08:56,BTCUSDT,ask,61800,504.458
2024-08-09 07:09:00,BTCUSDT,ask,62400,507.204
2024-08-09 07:09:01,BTCUSDT,ask,62500,528.704
2024-08-09 07:09:04,BTCUSDT,ask,62200,508.888
2024-08-09 07:09:05,BTCUSDT,ask,62000,509.118
2024-08-09 07:09:08,BTCUSDT,ask,62500,528.724
2024-08-09 07:09:11,BTCUSDT,ask,62000,509.108
2024-08-09 07:09:13,BTCUSDT,ask,61800,504.46
2024-08-09 07:09:13,BTCUSDT,ask,62300,504.274
2024-08-09 07:09:15,BTCUSDT,bid,61000,641.376
2024-08-09 07:09:15,BTCUSDT,ask,62000,509.138
2024-08-09 07:09:20,BTCUSDT,ask,62300,504.318
2024-08-09 07:09:24,BTCUSDT,ask,62100,501.461
2024-08-09 07:09:31,BTCUSDT,ask,61800,504.468
2024-08-09 07:09:33,BTCUSDT,ask,62300,504.954
2024-08-09 07:09:34,BTCUSDT,ask,62500,528.796
2024-08-09 07:09:40,BTCUSDT,ask,62400,513.949
2024-08-09 07:09:40,BTCUSDT,ask,62500,526.271
2024-08-09 07:09:41,BTCUSDT,ask,62000,509.62
2024-08-09 07:09:43,BTCUSDT,ask,61800,504.478
2024-08-09 07:09:49,BTCUSDT,ask,62300,504.924
2024-08-09 07:09:55,BTCUSDT,bid,61000,641.457
2024-08-09 07:09:55,BTCUSDT,ask,62500,526.275
2024-08-09 07:09:56,BTCUSDT,ask,62100,501.459
2024-08-09 07:09:58,BTCUSDT,ask,62000,509.405
2024-08-09 07:10:00,BTCUSDT,ask,61900,554.736
2024-08-09 07:10:00,BTCUSDT,ask,62100,501.333
2024-08-09 07:10:01,BTCUSDT,bid,61000,636.457
2024-08-09 07:10:04,BTCUSDT,ask,62300,504.288
2024-08-09 07:10:07,BTCUSDT,ask,62500,526.273
2024-08-09 07:10:09,BTCUSDT,ask,62400,513.939
2024-08-09 07:10:13,BTCUSDT,ask,62400,514.732
2024-08-09 07:10:15,BTCUSDT,ask,61900,554.611
2024-08-09 07:10:17,BTCUSDT,ask,62400,514.552
2024-08-09 07:10:19,BTCUSDT,ask,61800,502.367
2024-08-09 07:10:19,BTCUSDT,ask,62000,509.42
2024-08-09 07:10:20,BTCUSDT,ask,61800,502.361
2024-08-09 07:10:20,BTCUSDT,ask,62000,509.414
2024-08-09 07:10:20,BTCUSDT,ask,62200,508.873
2024-08-09 07:10:20,BTCUSDT,ask,62400,514.547
2024-08-09 07:10:23,BTCUSDT,ask,62300,504.286
2024-08-09 07:10:24,BTCUSDT,ask,62400,514.568
2024-08-09 07:10:24,BTCUSDT,ask,61800,502.361
2024-08-09 07:10:24,BTCUSDT,ask,62000,509.417
2024-08-09 07:10:24,BTCUSDT,ask,62200,508.879
2024-08-09 07:10:25,BTCUSDT,ask,62000,509.415
2024-08-09 07:10:26,BTCUSDT,ask,62400,514.363
2024-08-09 07:10:26,BTCUSDT,bid,61000,640.454
2024-08-09 07:10:28,BTCUSDT,bid,57000,555.679
2024-08-09 07:10:31,BTCUSDT,ask,62000,509.499
2024-08-09 07:10:34,BTCUSDT,ask,62400,510.437
2024-08-09 07:10:38,BTCUSDT,ask,61900,554.206
2024-08-09 07:10:43,BTCUSDT,bid,61000,636.457
2024-08-09 07:10:45,BTCUSDT,ask,62000,509.509
2024-08-09 07:10:48,BTCUSDT,ask,61800,502.372
2024-08-09 07:10:52,BTCUSDT,ask,62500,526.244
2024-08-09 07:10:52,BTCUSDT,ask,62000,509.559
2024-08-09 07:10:52,BTCUSDT,ask,61800,502.359
2024-08-09 07:10:53,BTCUSDT,bid,57000,555.674
2024-08-09 07:10:55,BTCUSDT,bid,57000,555.639
2024-08-09 07:10:58,BTCUSDT,ask,62300,504.186
2024-08-09 07:10:58,BTCUSDT,ask,62000,509.106
2024-08-09 07:11:02,BTCUSDT,ask,61800,502.373
2024-08-09 07:11:03,BTCUSDT,ask,61800,502.375
2024-08-09 07:11:11,BTCUSDT,ask,62400,510.877
2024-08-09 07:11:13,BTCUSDT,ask,61800,503.375
2024-08-09 07:11:14,BTCUSDT,ask,61700,527.92
2024-08-09 07:11:18,BTCUSDT,ask,62000,509.244
2024-08-09 07:11:20,BTCUSDT,ask,62400,510.242
2024-08-09 07:11:23,BTCUSDT,ask,62000,509.259
2024-08-09 07:11:24,BTCUSDT,ask,61600,500.346
2024-08-09 07:11:31,BTCUSDT,ask,62100,501.395
2024-08-09 07:11:32,BTCUSDT,ask,61600,500.394
2024-08-09 07:11:32,BTCUSDT,ask,61700,527.272
2024-08-09 07:11:34,BTCUSDT,ask,61700,527.35
2024-08-09 07:11:34,BTCUSDT,ask,61500,502.248
2024-08-09 07:11:34,BTCUSDT,ask,62000,509.232
2024-08-09 07:11:36,BTCUSDT,ask,61500,502.086
2024-08-09 07:11:40,BTCUSDT,ask,62400,510.378
2024-08-09 07:11:41,BTCUSDT,ask,62500,526.215
2024-08-09 07:11:41,BTCUSDT,ask,61800,503.471
2024-08-09 07:11:42,BTCUSDT,ask,62400,511.171
2024-08-09 07:11:43,BTCUSDT,ask,61600,500.386
2024-08-09 07:11:47,BTCUSDT,ask,61500,502.146
2024-08-09 07:11:47,BTCUSDT,ask,61500,502.154
2024-08-09 07:11:47,BTCUSDT,ask,61800,503.457
2024-08-09 07:11:48,BTCUSDT,ask,62000,509.237
2024-08-09 07:11:48,BTCUSDT,ask,61500,502.148
2024-08-09 07:11:49,BTCUSDT,ask,61900,554.289
2024-08-09 07:11:52,BTCUSDT,ask,62500,526.224
2024-08-09 07:11:54,BTCUSDT,ask,62100,501.37
2024-08-09 07:11:57,BTCUSDT,bid,57000,555.655
2024-08-09 07:11:59,BTCUSDT,ask,61700,527.346
2024-08-09 07:12:01,BTCUSDT,ask,62200,508.85
2024-08-09 07:12:01,BTCUSDT,ask,62000,509.222
2024-08-09 07:12:03,BTCUSDT,ask,61600,500.392
2024-08-09 07:12:04,BTCUSDT,ask,61700,527.344
2024-08-09 07:12:07,BTCUSDT,ask,61500,503.566
2024-08-09 07:12:08,BTCUSDT,ask,61800,503.36
2024-08-09 07:12:08,BTCUSDT,ask,61600,501.877
2024-08-09 07:12:09,BTCUSDT,ask,61500,503.556
2024-08-09 07:12:10,BTCUSDT,ask,62000,509.122
2024-08-09 07:12:10,BTCUSDT,ask,61900,554.189
2024-08-09 07:12:11,BTCUSDT,ask,62000,508.984
2024-08-09 07:12:11,BTCUSDT,ask,62500,526.227
2024-08-09 07:12:11,BTCUSDT,ask,62100,501.27
2024-08-09 07:12:12,BTCUSDT,ask,62200,508.75
2024-08-09 07:12:12,BTCUSDT,ask,62300,504.086
2024-08-09 07:12:14,BTCUSDT,ask,61500,503.566
2024-08-09 07:12:15,BTCUSDT,ask,61500,503.55
2024-08-09 07:12:18,BTCUSDT,ask,62100,501.272
2024-08-09 07:12:20,BTCUSDT,ask,62000,509.122
2024-08-09 07:12:22,BTCUSDT,ask,61600,501.877
2024-08-09 07:12:23,BTCUSDT,ask,62200,508.631
2024-08-09 07:12:23,BTCUSDT,ask,61600,500.377
2024-08-09 07:12:23,BTCUSDT,ask,62100,501.179
2024-08-09 07:12:24,BTCUSDT,ask,61500,503.54
2024-08-09 07:12:32,BTCUSDT,ask,61700,527.33
2024-08-09 07:12:37,BTCUSDT,ask,61700,527.37
2024-08-09 07:12:40,BTCUSDT,ask,62100,501.177
2024-08-09 07:12:41,BTCUSDT,ask,62400,511.084
2024-08-09 07:12:43,BTCUSDT,ask,61500,503.018
2024-08-09 07:12:43,BTCUSDT,ask,62200,508.629
2024-08-09 07:12:45,BTCUSDT,ask,62500,526.174
2024-08-09 07:12:45,BTCUSDT,ask,62500,526.184
2024-08-09 07:12:46,BTCUSDT,ask,62000,509.072
2024-08-09 07:12:47,BTCUSDT,bid,57000,555.669
2024-08-09 07:12:47,BTCUSDT,ask,61700,527.33
2024-08-09 07:12:48,BTCUSDT,ask,62000,509.08
2024-08-09 07:12:49,BTCUSDT,ask,62000,509.097
2024-08-09 07:12:49,BTCUSDT,ask,62500,526.178
2024-08-09 07:12:54,BTCUSDT,bid,57200,547.042
2024-08-09 07:12:56,BTCUSDT,ask,61700,527.355
2024-08-09 07:12:56,BTCUSDT,ask,62000,509.109
2024-08-09 07:12:58,BTCUSDT,ask,62000,509.088
2024-08-09 07:12:59,BTCUSDT,ask,62000,509.077
2024-08-09 07:13:00,BTCUSDT,ask,61800,503.232
2024-08-09 07:13:01,BTCUSDT,ask,61700,527.855
2024-08-09 07:13:01,BTCUSDT,ask,62500,526.182
2024-08-09 07:13:02,BTCUSDT,ask,62300,504.092
2024-08-09 07:13:05,BTCUSDT,ask,61500,502.956
2024-08-09 07:13:06,BTCUSDT,ask,62500,526.203
2024-08-09 07:13:08,BTCUSDT,ask,61800,503.187
2024-08-09 07:13:11,BTCUSDT,ask,61500,503.033
2024-08-09 07:13:12,BTCUSDT,ask,61800,503.183
2024-08-09 07:13:16,BTCUSDT,ask,61500,503.072
2024-08-09 07:13:19,BTCUSDT,ask,62000,509.516
2024-08-09 07:13:19,BTCUSDT,ask,62300,504.087
2024-08-09 07:13:20,BTCUSDT,ask,62400,515.084
2024-08-09 07:13:20,BTCUSDT,ask,61900,554.193
2024-08-09 07:13:22,BTCUSDT,bid,57000,555.737
2024-08-09 07:13:24,BTCUSDT,ask,62200,508.649
2024-08-09 07:13:25,BTCUSDT,bid,57000,556.0
2024-08-09 07:13:28,BTCUSDT,ask,61600,500.726
2024-08-09 07:13:31,BTCUSDT,ask,61600,500.721
2024-08-09 07:13:32,BTCUSDT,ask,61500,504.082
2024-08-09 07:13:33,BTCUSDT,bid,61000,636.467
2024-08-09 07:13:34,BTCUSDT,ask,62500,526.329
2024-08-09 07:13:36,BTCUSDT,bid,57000,555.998
2024-08-09 07:13:36,BTCUSDT,ask,62500,526.334
2024-08-09 07:13:37,BTCUSDT,ask,61500,504.107
2024-08-09 07:13:42,BTCUSDT,ask,61600,500.773
2024-08-09 07:13:46,BTCUSDT,ask,61500,504.528
2024-08-09 07:13:47,BTCUSDT,ask,62300,504.08
2024-08-09 07:13:50,BTCUSDT,ask,61500,504.53
2024-08-09 07:13:50,BTCUSDT,ask,61900,554.195
2024-08-09 07:13:50,BTCUSDT,ask,62300,504.082
2024-08-09 07:13:50,BTCUSDT,ask,61500,504.58
2024-08-09 07:13:50,BTCUSDT,ask,61800,503.261
2024-08-09 07:13:52,BTCUSDT,ask,61600,500.783
2024-08-09 07:13:53,BTCUSDT,ask,62000,509.483
2024-08-09 07:13:54,BTCUSDT,ask,61800,503.183
2024-08-09 07:13:54,BTCUSDT,ask,62000,509.493
2024-08-09 07:13:55,BTCUSDT,ask,62000,509.555
2024-08-09 07:13:55,BTCUSDT,ask,61900,554.288
2024-08-09 07:13:55,BTCUSDT,ask,62500,526.301
2024-08-09 07:13:56,BTCUSDT,bid,47000,858.724
2024-08-09 07:13:56,BTCUSDT,ask,61700,527.192
2024-08-09 07:13:59,BTCUSDT,ask,61600,500.452
2024-08-09 07:14:00,BTCUSDT,ask,61500,504.534
2024-08-09 07:14:01,BTCUSDT,bid,47500,636.45
2024-08-09 07:14:01,BTCUSDT,ask,62400,515.108
2024-08-09 07:14:01,BTCUSDT,ask,61500,504.818
2024-08-09 07:14:01,BTCUSDT,ask,61500,504.534
2024-08-09 07:14:01,BTCUSDT,ask,61500,504.538
2024-08-09 07:14:01,BTCUSDT,ask,62500,526.333
2024-08-09 07:14:02,BTCUSDT,ask,62500,526.329
2024-08-09 07:14:02,BTCUSDT,ask,61500,504.53
2024-08-09 07:14:03,BTCUSDT,ask,61500,504.533
2024-08-09 07:14:06,BTCUSDT,ask,62500,526.327
2024-08-09 07:14:07,BTCUSDT,ask,61500,506.126
2024-08-09 07:14:07,BTCUSDT,ask,61500,514.87
2024-08-09 07:14:08,BTCUSDT,ask,61500,514.896
2024-08-09 07:14:08,BTCUSDT,ask,61500,514.921
2024-08-09 07:14:08,BTCUSDT,ask,61500,506.073
2024-08-09 07:14:08,BTCUSDT,ask,61500,504.589
2024-08-09 07:14:09,BTCUSDT,ask,61500,504.564
2024-08-09 07:14:11,BTCUSDT,ask,62000,509.632
2024-08-09 07:14:12,BTCUSDT,ask,61500,504.971
2024-08-09 07:14:12,BTCUSDT,bid,57000,555.988
2024-08-09 07:14:13,BTCUSDT,ask,62000,509.57
2024-08-09 07:14:13,BTCUSDT,ask,61800,503.184
2024-08-09 07:14:13,BTCUSDT,ask,61900,554.286
2024-08-09 07:14:15,BTCUSDT,ask,61500,505.559
2024-08-09 07:14:15,BTCUSDT,ask,61500,505.561
2024-08-09 07:14:16,BTCUSDT,ask,61500,505.596
2024-08-09 07:14:16,BTCUSDT,ask,61500,505.004
2024-08-09 07:14:16,BTCUSDT,ask,61500,505.002
2024-08-09 07:14:16,BTCUSDT,ask,61500,505.607
2024-08-09 07:14:16,BTCUSDT,ask,61500,505.002
2024-08-09 07:14:17,BTCUSDT,ask,61500,505.63
2024-08-09 07:14:17,BTCUSDT,ask,61600,500.564
2024-08-09 07:14:17,BTCUSDT,ask,61500,505.223
2024-08-09 07:14:18,BTCUSDT,ask,62200,508.654
2024-08-09 07:14:18,BTCUSDT,ask,61500,505.188
2024-08-09 07:14:18,BTCUSDT,ask,61500,505.218
2024-08-09 07:14:19,BTCUSDT,ask,61500,505.188
2024-08-09 07:14:19,BTCUSDT,ask,61500,505.188
2024-08-09 07:14:19,BTCUSDT,ask,61500,505.208
2024-08-09 07:14:19,BTCUSDT,ask,61500,504.56
2024-08-09 07:14:20,BTCUSDT,ask,61700,527.078
2024-08-09 07:14:20,BTCUSDT,ask,61500,504.638
2024-08-09 07:14:21,BTCUSDT,ask,61500,504.56
2024-08-09 07:14:21,BTCUSDT,ask,61500,504.558
2024-08-09 07:14:21,BTCUSDT,ask,61500,504.558
2024-08-09 07:14:21,BTCUSDT,ask,61500,504.558
2024-08-09 07:14:22,BTCUSDT,ask,62000,509.528
2024-08-09 07:14:22,BTCUSDT,ask,61800,503.262
2024-08-09 07:14:23,BTCUSDT,ask,61600,500.645
2024-08-09 07:14:23,BTCUSDT,ask,61500,504.725
2024-08-09 07:14:24,BTCUSDT,ask,61500,503.896
2024-08-09 07:14:24,BTCUSDT,ask,61500,503.898
2024-08-09 07:14:25,BTCUSDT,ask,61500,503.901
2024-08-09 07:14:26,BTCUSDT,ask,61500,503.917
2024-08-09 07:14:26,BTCUSDT,ask,61500,504.072
2024-08-09 07:14:26,BTCUSDT,ask,61500,503.917
2024-08-09 07:14:26,BTCUSDT,ask,62000,509.512
2024-08-09 07:14:27,BTCUSDT,ask,61500,503.847
2024-08-09 07:14:27,BTCUSDT,ask,61500,501.8
2024-08-09 07:14:27,BTCUSDT,ask,62100,501.174
2024-08-09 07:14:28,BTCUSDT,ask,61600,500.647
2024-08-09 07:14:28,BTCUSDT,ask,61500,501.802
2024-08-09 07:14:29,BTCUSDT,bid,61000,636.567
2024-08-09 07:14:29,BTCUSDT,ask,61500,501.822
2024-08-09 07:14:29,BTCUSDT,ask,61600,500.649
2024-08-09 07:14:29,BTCUSDT,ask,62200,508.656
2024-08-09 07:14:30,BTCUSDT,ask,61800,503.294
2024-08-09 07:14:30,BTCUSDT,ask,62500,526.521
2024-08-09 07:14:30,BTCUSDT,ask,61500,501.82
2024-08-09 07:14:30,BTCUSDT,ask,61500,501.82
2024-08-09 07:14:30,BTCUSDT,ask,61500,501.8
2024-08-09 07:14:31,BTCUSDT,ask,61500,502.429
2024-08-09 07:14:32,BTCUSDT,bid,61000,636.467
2024-08-09 07:14:32,BTCUSDT,ask,61600,500.778
2024-08-09 07:14:32,BTCUSDT,ask,61500,502.175
2024-08-09 07:14:33,BTCUSDT,ask,61500,502.215
2024-08-09 07:14:34,BTCUSDT,ask,61500,502.783
2024-08-09 07:14:34,BTCUSDT,ask,61500,502.767
2024-08-09 07:14:35,BTCUSDT,ask,61500,885.93
2024-08-09 07:14:36,BTCUSDT,ask,61500,885.323
2024-08-09 07:14:37,BTCUSDT,ask,61500,885.343
2024-08-09 07:14:37,BTCUSDT,ask,61500,885.346
2024-08-09 07:14:37,BTCUSDT,ask,61500,886.04
2024-08-09 07:14:37,BTCUSDT,ask,61500,886.04
2024-08-09 07:14:38,BTCUSDT,ask,61500,886.662
2024-08-09 07:14:38,BTCUSDT,ask,61500,886.04
2024-08-09 07:14:40,BTCUSDT,ask,61500,885.873
2024-08-09 07:14:40,BTCUSDT,ask,61500,886.246
2024-08-09 07:14:41,BTCUSDT,ask,61500,885.873
2024-08-09 07:14:42,BTCUSDT,ask,61500,886.5
2024-08-09 07:14:42,BTCUSDT,ask,61500,885.873
2024-08-09 07:14:42,BTCUSDT,ask,61500,886.503
2024-08-09 07:14:43,BTCUSDT,ask,62500,526.821
2024-08-09 07:14:43,BTCUSDT,ask,61500,503.34
2024-08-09 07:14:43,BTCUSDT,ask,61500,503.394
2024-08-09 07:14:44,BTCUSDT,ask,61500,502.764
2024-08-09 07:14:44,BTCUSDT,ask,61500,502.71
2024-08-09 07:14:44,BTCUSDT,ask,61700,527.088
2024-08-09 07:14:44,BTCUSDT,ask,61500,502.733
2024-08-09 07:14:45,BTCUSDT,ask,61500,502.786
2024-08-09 07:14:45,BTCUSDT,ask,62000,509.515
2024-08-09 07:14:48,BTCUSDT,ask,61700,527.169
2024-08-09 07:14:49,BTCUSDT,ask,62300,504.084
2024-08-09 07:14:49,BTCUSDT,ask,62000,509.536
2024-08-09 07:14:50,BTCUSDT,ask,62100,501.177
2024-08-09 07:14:50,BTCUSDT,ask,62200,508.139
2024-08-09 07:14:50,BTCUSDT,ask,62000,509.598
2024-08-09 07:14:51,BTCUSDT,ask,62100,501.174
2024-08-09 07:14:52,BTCUSDT,ask,62400,515.064
2024-08-09 07:14:52,BTCUSDT,ask,61600,510.697
2024-08-09 07:14:53,BTCUSDT,ask,61800,503.254
2024-08-09 07:14:53,BTCUSDT,ask,62200,508.146
2024-08-09 07:14:54,BTCUSDT,ask,62400,515.704
2024-08-09 07:14:55,BTCUSDT,ask,61800,503.854
2024-08-09 07:14:57,BTCUSDT,ask,61800,503.956
2024-08-09 07:14:57,BTCUSDT,bid,61000,636.567
2024-08-09 07:14:58,BTCUSDT,ask,62500,527.023
2024-08-09 07:15:00,BTCUSDT,bid,61000,636.467
2024-08-09 07:15:00,BTCUSDT,ask,62500,526.823
2024-08-09 07:15:01,BTCUSDT,ask,61600,510.568
2024-08-09 07:15:03,BTCUSDT,ask,62000,509.647
2024-08-09 07:15:03,BTCUSDT,ask,62300,504.158
2024-08-09 07:15:04,BTCUSDT,ask,61600,510.566
2024-08-09 07:15:04,BTCUSDT,ask,61700,527.169
2024-08-09 07:15:04,BTCUSDT,ask,61800,503.954
2024-08-09 07:15:05,BTCUSDT,bid,61000,636.472
2024-08-09 07:15:05,BTCUSDT,ask,61900,554.29
2024-08-09 07:15:06,BTCUSDT,ask,61700,527.169
2024-08-09 07:15:08,BTCUSDT,ask,61800,503.956
2024-08-09 07:15:10,BTCUSDT,ask,61600,510.616
2024-08-09 07:15:11,BTCUSDT,ask,62000,509.511
2024-08-09 07:15:11,BTCUSDT,ask,62000,509.509
2024-08-09 07:15:12,BTCUSDT,ask,61700,527.171
2024-08-09 07:15:14,BTCUSDT,ask,62400,514.908
2024-08-09 07:15:15,BTCUSDT,ask,62300,504.166
2024-08-09 07:15:15,BTCUSDT,ask,62000,509.505
2024-08-09 07:15:18,BTCUSDT,bid,57000,555.986
2024-08-09 07:15:18,BTCUSDT,ask,62200,508.244
2024-08-09 07:15:19,BTCUSDT,ask,61700,527.221
2024-08-09 07:15:19,BTCUSDT,ask,62500,526.961
2024-08-09 07:15:21,BTCUSDT,ask,62400,514.922
2024-08-09 07:15:22,BTCUSDT,bid,61000,636.572
2024-08-09 07:15:24,BTCUSDT,ask,61700,527.216
2024-08-09 07:15:25,BTCUSDT,bid,61000,636.472
2024-08-09 07:15:25,BTCUSDT,ask,62500,526.961
2024-08-09 07:15:26,BTCUSDT,ask,61700,527.081
2024-08-09 07:15:27,BTCUSDT,ask,62200,508.248
2024-08-09 07:15:32,BTCUSDT,ask,61600,510.504
2024-08-09 07:15:32,BTCUSDT,ask,61700,527.053
2024-08-09 07:15:34,BTCUSDT,ask,62000,509.59
2024-08-09 07:15:37,BTCUSDT,ask,61700,527.553
2024-08-09 07:15:38,BTCUSDT,ask,62000,509.54
2024-08-09 07:15:41,BTCUSDT,bid,57000,555.984
2024-08-09 07:15:42,BTCUSDT,ask,61800,503.948
2024-08-09 07:15:45,BTCUSDT,ask,62400,514.89
2024-08-09 07:15:48,BTCUSDT,ask,61800,503.96
2024-08-09 07:15:48,BTCUSDT,ask,62000,509.553
2024-08-09 07:15:49,BTCUSDT,ask,61800,504.124
2024-08-09 07:15:51,BTCUSDT,bid,61000,636.477
2024-08-09 07:15:53,BTCUSDT,ask,62500,526.998
2024-08-09 07:15:55,BTCUSDT,ask,62000,509.551
2024-08-09 07:15:57,BTCUSDT,ask,62500,526.994
2024-08-09 07:16:00,BTCUSDT,bid,61000,636.472
2024-08-09 07:16:01,BTCUSDT,ask,62500,526.979
2024-08-09 07:16:01,BTCUSDT,ask,61700,527.53
2024-08-09 07:16:01,BTCUSDT,ask,61800,504.149
2024-08-09 07:16:03,BTCUSDT,ask,61800,504.152
2024-08-09 07:16:06,BTCUSDT,bid,57000,556.002
2024-08-09 07:16:07,BTCUSDT,ask,61700,527.535
2024-08-09 07:16:09,BTCUSDT,bid,57000,555.947
2024-08-09 07:16:10,BTCUSDT,ask,61700,527.533
2024-08-09 07:16:11,BTCUSDT,ask,62500,526.987
2024-08-09 07:16:13,BTCUSDT,ask,61800,504.157
2024-08-09 07:16:13,BTCUSDT,ask,62000,509.571
2024-08-09 07:16:16,BTCUSDT,ask,61800,503.993
2024-08-09 07:16:16,BTCUSDT,ask,61700,527.537
2024-08-09 07:16:16,BTCUSDT,ask,61700,527.535
2024-08-09 07:16:19,BTCUSDT,ask,61700,527.537
2024-08-09 07:16:21,BTCUSDT,ask,61900,554.295
2024-08-09 07:16:23,BTCUSDT,ask,61800,503.956
2024-08-09 07:16:24,BTCUSDT,ask,61600,510.541
2024-08-09 07:16:26,BTCUSDT,ask,62300,504.448
2024-08-09 07:16:29,BTCUSDT,ask,61800,503.958
2024-08-09 07:16:29,BTCUSDT,ask,62000,509.578
2024-08-09 07:16:30,BTCUSDT,bid,61000,636.572
2024-08-09 07:16:31,BTCUSDT,ask,62500,527.203
2024-08-09 07:16:31,BTCUSDT,ask,62200,508.687
2024-08-09 07:16:31,BTCUSDT,ask,61700,527.537
2024-08-09 07:16:32,BTCUSDT,ask,62000,509.639
2024-08-09 07:16:33,BTCUSDT,bid,61000,636.472
2024-08-09 07:16:33,BTCUSDT,ask,62500,527.003
2024-08-09 07:16:33,BTCUSDT,ask,62000,509.649
2024-08-09 07:16:35,BTCUSDT,ask,61900,554.306
2024-08-09 07:16:37,BTCUSDT,ask,61700,527.456
2024-08-09 07:16:38,BTCUSDT,ask,62200,508.693
2024-08-09 07:16:41,BTCUSDT,ask,62500,527.006
2024-08-09 07:16:43,BTCUSDT,ask,62300,504.446
2024-08-09 07:16:45,BTCUSDT,ask,62000,509.657
2024-08-09 07:16:48,BTCUSDT,ask,62500,527.034
2024-08-09 07:16:53,BTCUSDT,ask,62000,509.661
2024-08-09 07:16:53,BTCUSDT,ask,62200,508.696
2024-08-09 07:16:53,BTCUSDT,ask,61800,503.945
2024-08-09 07:16:55,BTCUSDT,ask,62000,509.995
2024-08-09 07:16:58,BTCUSDT,ask,61900,554.151
2024-08-09 07:17:02,BTCUSDT,ask,62100,501.178
2024-08-09 07:17:04,BTCUSDT,ask,61600,510.501
2024-08-09 07:17:06,BTCUSDT,ask,62000,510.075
2024-08-09 07:17:08,BTCUSDT,ask,62000,509.875
2024-08-09 07:17:09,BTCUSDT,ask,62500,527.984
2024-08-09 07:17:13,BTCUSDT,ask,62500,528.064
2024-08-09 07:17:16,BTCUSDT,ask,62200,508.698
2024-08-09 07:17:19,BTCUSDT,ask,62500,528.066
2024-08-09 07:17:26,BTCUSDT,ask,61700,527.044
2024-08-09 07:17:31,BTCUSDT,ask,61900,554.178
2024-08-09 07:17:36,BTCUSDT,ask,61700,527.049
2024-08-09 07:17:41,BTCUSDT,ask,62000,509.771
2024-08-09 07:17:42,BTCUSDT,ask,62000,509.795
2024-08-09 07:17:44,BTCUSDT,ask,62300,504.606
2024-08-09 07:17:45,BTCUSDT,ask,61700,527.052
2024-08-09 07:17:46,BTCUSDT,ask,61600,511.006
2024-08-09 07:17:46,BTCUSDT,ask,61600,510.501
2024-08-09 07:17:47,BTCUSDT,ask,61600,510.516
2024-08-09 07:17:47,BTCUSDT,ask,62400,516.173
2024-08-09 07:17:50,BTCUSDT,ask,61900,554.157
2024-08-09 07:17:52,BTCUSDT,ask,62000,509.907
2024-08-09 07:17:53,BTCUSDT,ask,62000,509.899
2024-08-09 07:17:53,BTCUSDT,ask,62500,527.111
2024-08-09 07:17:54,BTCUSDT,ask,61700,526.249
2024-08-09 07:17:56,BTCUSDT,ask,61900,553.987
2024-08-09 07:17:56,BTCUSDT,ask,62000,509.901
2024-08-09 07:17:59,BTCUSDT,ask,61700,526.244
2024-08-09 07:17:59,BTCUSDT,ask,62000,510.901
2024-08-09 07:18:01,BTCUSDT,ask,62400,516.222
2024-08-09 07:18:02,BTCUSDT,ask,62000,510.917
2024-08-09 07:18:04,BTCUSDT,bid,57000,555.949
2024-08-09 07:18:05,BTCUSDT,ask,62500,527.119
2024-08-09 07:18:09,BTCUSDT,ask,61600,511.247
2024-08-09 07:18:10,BTCUSDT,ask,61600,510.964
2024-08-09 07:18:10,BTCUSDT,ask,61600,511.451
2024-08-09 07:18:11,BTCUSDT,ask,61600,510.978
2024-08-09 07:18:11,BTCUSDT,ask,61600,510.654
2024-08-09 07:18:16,BTCUSDT,ask,62000,510.856
2024-08-09 07:18:18,BTCUSDT,ask,61600,510.583
2024-08-09 07:18:20,BTCUSDT,ask,61600,510.656
2024-08-09 07:18:21,BTCUSDT,ask,61900,553.987
2024-08-09 07:18:21,BTCUSDT,ask,61600,510.583
2024-08-09 07:18:22,BTCUSDT,ask,61600,510.656
2024-08-09 07:18:25,BTCUSDT,ask,61600,510.731
2024-08-09 07:18:26,BTCUSDT,ask,61800,503.848
2024-08-09 07:18:26,BTCUSDT,ask,61600,510.804
2024-08-09 07:18:28,BTCUSDT,ask,61600,510.825
2024-08-09 07:18:28,BTCUSDT,ask,61600,510.828
2024-08-09 07:18:30,BTCUSDT,ask,61600,510.807
2024-08-09 07:18:30,BTCUSDT,ask,61700,526.244
2024-08-09 07:18:33,BTCUSDT,ask,61600,510.852
2024-08-09 07:18:35,BTCUSDT,ask,61700,526.394
2024-08-09 07:18:36,BTCUSDT,ask,61900,553.987
2024-08-09 07:18:36,BTCUSDT,ask,61700,526.397
2024-08-09 07:18:37,BTCUSDT,ask,62100,500.944
2024-08-09 07:18:37,BTCUSDT,ask,61900,554.137
2024-08-09 07:18:39,BTCUSDT,ask,61600,510.573
2024-08-09 07:18:39,BTCUSDT,ask,61600,510.575
2024-08-09 07:18:40,BTCUSDT,ask,61600,510.575
2024-08-09 07:18:40,BTCUSDT,ask,61700,526.399
2024-08-09 07:18:40,BTCUSDT,bid,47000,858.666
2024-08-09 07:18:41,BTCUSDT,ask,61600,510.638
2024-08-09 07:18:41,BTCUSDT,ask,61800,503.857
2024-08-09 07:18:41,BTCUSDT,ask,61900,553.987
2024-08-09 07:18:41,BTCUSDT,ask,62000,511.856
2024-08-09 07:18:42,BTCUSDT,ask,62100,501.389
2024-08-09 07:18:42,BTCUSDT,ask,61600,510.638
2024-08-09 07:18:42,BTCUSDT,ask,61600,510.636
2024-08-09 07:18:43,BTCUSDT,ask,61600,510.65
