2024-08-10 00:00:07,BTCUSDT,ask,61600,511.859
2024-08-10 00:00:08,BTCUSDT,ask,61300,510.3
2024-08-10 00:00:09,BTCUSDT,ask,61900,514.538
2024-08-10 00:00:20,BTCUSDT,ask,61400,506.048
2024-08-10 00:00:31,BTCUSDT,ask,61500,557.74
2024-08-10 00:00:33,BTCUSDT,ask,61300,511.876
2024-08-10 00:00:37,BTCUSDT,ask,62000,649.078
2024-08-10 00:00:44,BTCUSDT,ask,61500,557.738
2024-08-10 00:00:44,BTCUSDT,ask,62000,649.076
2024-08-10 00:00:44,BTCUSDT,ask,62500,684.011
2024-08-10 00:00:54,BTCUSDT,ask,62000,649.104
2024-08-10 00:00:55,BTCUSDT,ask,62000,649.069
2024-08-10 00:00:55,BTCUSDT,ask,62100,506.232
2024-08-10 00:00:57,BTCUSDT,ask,61300,510.28
2024-08-10 00:00:58,BTCUSDT,ask,61500,557.739
2024-08-10 00:01:03,BTCUSDT,ask,61500,558.739
2024-08-10 00:01:11,BTCUSDT,ask,61500,558.708
2024-08-10 00:01:16,BTCUSDT,ask,62400,516.827
2024-08-10 00:01:22,BTCUSDT,ask,62500,684.013
2024-08-10 00:01:24,BTCUSDT,ask,62200,513.792
2024-08-10 00:01:24,BTCUSDT,ask,62300,521.568
2024-08-10 00:01:33,BTCUSDT,ask,62400,516.925
2024-08-10 00:01:34,BTCUSDT,ask,61500,558.709
2024-08-10 00:01:38,BTCUSDT,ask,62500,684.251
2024-08-10 00:01:47,BTCUSDT,ask,62300,521.361
2024-08-10 00:01:48,BTCUSDT,ask,61200,504.104
2024-08-10 00:01:48,BTCUSDT,ask,62000,649.094
2024-08-10 00:01:56,BTCUSDT,bid,47500,636.043
2024-08-10 00:02:01,BTCUSDT,ask,61500,558.887
2024-08-10 00:02:08,BTCUSDT,ask,61500,558.89
2024-08-10 00:02:12,BTCUSDT,ask,62400,516.967
2024-08-10 00:02:36,BTCUSDT,ask,61400,506.13
2024-08-10 00:02:41,BTCUSDT,ask,61100,545.36
2024-08-10 00:02:53,BTCUSDT,ask,61200,504.104
2024-08-10 00:02:55,BTCUSDT,ask,61100,545.273
2024-08-10 00:02:55,BTCUSDT,ask,62300,521.655
2024-08-10 00:02:56,BTCUSDT,ask,61100,545.264
2024-08-10 00:02:57,BTCUSDT,ask,61200,526.977
2024-08-10 00:03:14,BTCUSDT,ask,62500,684.665
2024-08-10 00:03:17,BTCUSDT,ask,61400,506.358
2024-08-10 00:03:21,BTCUSDT,ask,61800,510.673
2024-08-10 00:03:31,BTCUSDT,ask,61400,506.408
2024-08-10 00:03:33,BTCUSDT,ask,61600,509.859
2024-08-10 00:03:36,BTCUSDT,ask,61500,557.887
2024-08-10 00:03:44,BTCUSDT,ask,61100,545.414
2024-08-10 00:03:54,BTCUSDT,ask,62500,684.251
2024-08-10 00:03:56,BTCUSDT,ask,61400,506.18
2024-08-10 00:03:56,BTCUSDT,ask,62500,684.233
2024-08-10 00:04:16,BTCUSDT,ask,61900,514.559
2024-08-10 00:04:28,BTCUSDT,ask,62400,516.965
2024-08-10 00:04:33,BTCUSDT,ask,61200,526.937
2024-08-10 00:04:33,BTCUSDT,ask,61300,510.32
2024-08-10 00:04:33,BTCUSDT,ask,62400,516.981
2024-08-10 00:04:34,BTCUSDT,ask,61500,557.862
2024-08-10 00:04:37,BTCUSDT,ask,61100,545.384
2024-08-10 00:04:41,BTCUSDT,ask,62000,649.072
2024-08-10 00:04:42,BTCUSDT,ask,61900,514.57
2024-08-10 00:04:51,BTCUSDT,ask,61100,545.382
2024-08-10 00:04:59,BTCUSDT,ask,62500,684.229
2024-08-10 00:05:01,BTCUSDT,ask,61100,545.402
2024-08-10 00:05:01,BTCUSDT,ask,62500,684.254
2024-08-10 00:05:02,BTCUSDT,ask,61500,557.772
2024-08-10 00:05:09,BTCUSDT,ask,61200,526.962
2024-08-10 00:05:13,BTCUSDT,ask,61600,509.895
2024-08-10 00:05:13,BTCUSDT,ask,62000,649.164
2024-08-10 00:05:17,BTCUSDT,ask,61400,506.215
2024-08-10 00:05:32,BTCUSDT,ask,61200,526.952
2024-08-10 00:05:38,BTCUSDT,ask,61700,509.795
2024-08-10 00:05:51,BTCUSDT,ask,61200,526.973
2024-08-10 00:06:06,BTCUSDT,ask,61500,557.78
2024-08-10 00:06:08,BTCUSDT,ask,61200,526.915
2024-08-10 00:06:13,BTCUSDT,ask,62500,684.243
2024-08-10 00:06:36,BTCUSDT,ask,62400,516.932
2024-08-10 00:06:40,BTCUSDT,ask,62000,649.182
2024-08-10 00:06:59,BTCUSDT,ask,61100,545.404
2024-08-10 00:07:01,BTCUSDT,ask,62000,649.164
2024-08-10 00:07:15,BTCUSDT,ask,61100,545.406
2024-08-10 00:07:16,BTCUSDT,ask,62200,513.752
2024-08-10 00:07:19,BTCUSDT,ask,62500,684.236
2024-08-10 00:07:25,BTCUSDT,ask,62000,649.183
2024-08-10 00:07:29,BTCUSDT,ask,61500,557.53
2024-08-10 00:07:32,BTCUSDT,ask,62300,521.704
2024-08-10 00:07:32,BTCUSDT,ask,62400,516.883
2024-08-10 00:07:39,BTCUSDT,ask,61500,557.527
2024-08-10 00:07:48,BTCUSDT,ask,62000,649.149
2024-08-10 00:07:52,BTCUSDT,ask,61400,506.235
2024-08-10 00:07:54,BTCUSDT,ask,62400,516.886
2024-08-10 00:07:55,BTCUSDT,ask,61200,526.923
2024-08-10 00:07:56,BTCUSDT,ask,61500,557.615
2024-08-10 00:08:03,BTCUSDT,ask,61200,527.659
2024-08-10 00:08:05,BTCUSDT,ask,61400,506.244
2024-08-10 00:08:12,BTCUSDT,ask,61800,510.675
2024-08-10 00:08:12,BTCUSDT,ask,62000,649.147
2024-08-10 00:08:13,BTCUSDT,ask,61700,509.805
2024-08-10 00:08:17,BTCUSDT,ask,62000,649.128
2024-08-10 00:08:17,BTCUSDT,ask,61600,509.995
2024-08-10 00:08:23,BTCUSDT,ask,62000,649.139
2024-08-10 00:08:25,BTCUSDT,ask,61400,506.444
2024-08-10 00:08:28,BTCUSDT,ask,61400,506.244
2024-08-10 00:08:29,BTCUSDT,ask,61400,506.444
2024-08-10 00:08:31,BTCUSDT,ask,61400,506.244
2024-08-10 00:08:32,BTCUSDT,ask,62000,649.173
2024-08-10 00:08:34,BTCUSDT,ask,61500,557.618
2024-08-10 00:08:38,BTCUSDT,ask,62500,684.248
2024-08-10 00:08:47,BTCUSDT,ask,61800,510.707
2024-08-10 00:08:52,BTCUSDT,ask,61300,510.442
2024-08-10 00:08:55,BTCUSDT,ask,61200,527.578
2024-08-10 00:08:56,BTCUSDT,ask,61600,509.986
2024-08-10 00:08:59,BTCUSDT,ask,61800,510.705
2024-08-10 00:09:00,BTCUSDT,ask,62000,649.193
2024-08-10 00:09:15,BTCUSDT,ask,62500,684.253
2024-08-10 00:09:32,BTCUSDT,ask,61200,527.59
2024-08-10 00:09:50,BTCUSDT,ask,61200,529.158
2024-08-10 00:09:53,BTCUSDT,bid,47000,859.587
2024-08-10 00:09:53,BTCUSDT,ask,61400,506.247
2024-08-10 00:09:53,BTCUSDT,ask,61800,510.708
2024-08-10 00:09:53,BTCUSDT,ask,62200,513.755
2024-08-10 00:10:14,BTCUSDT,ask,61100,545.584
2024-08-10 00:10:19,BTCUSDT,ask,61100,545.441
2024-08-10 00:10:22,BTCUSDT,ask,61400,506.331
2024-08-10 00:10:24,BTCUSDT,ask,62000,649.205
2024-08-10 00:10:40,BTCUSDT,ask,61500,557.628
2024-08-10 00:10:46,BTCUSDT,bid,47000,859.584
2024-08-10 00:10:46,BTCUSDT,ask,61400,506.328
2024-08-10 00:10:46,BTCUSDT,ask,61800,510.705
2024-08-10 00:10:46,BTCUSDT,ask,62200,513.752
2024-08-10 00:10:51,BTCUSDT,ask,61200,529.675
2024-08-10 00:10:54,BTCUSDT,ask,61300,510.481
2024-08-10 00:10:56,BTCUSDT,ask,61300,510.484
2024-08-10 00:10:59,BTCUSDT,ask,62000,649.129
2024-08-10 00:11:01,BTCUSDT,ask,62500,684.149
2024-08-10 00:11:04,BTCUSDT,ask,61800,510.708
2024-08-10 00:11:12,BTCUSDT,ask,61800,511.716
2024-08-10 00:11:13,BTCUSDT,ask,62300,521.71
2024-08-10 00:11:14,BTCUSDT,ask,61100,545.471
2024-08-10 00:11:20,BTCUSDT,ask,61300,510.487
2024-08-10 00:11:26,BTCUSDT,ask,62500,683.425
2024-08-10 00:11:56,BTCUSDT,ask,62400,516.877
2024-08-10 00:12:17,BTCUSDT,ask,61500,557.728
2024-08-10 00:12:23,BTCUSDT,ask,62000,649.139
2024-08-10 00:12:24,BTCUSDT,ask,61400,506.331
2024-08-10 00:12:25,BTCUSDT,ask,62000,649.144
2024-08-10 00:12:26,BTCUSDT,ask,61200,529.659
2024-08-10 00:12:27,BTCUSDT,ask,62000,649.142
2024-08-10 00:12:27,BTCUSDT,ask,62100,506.222
2024-08-10 00:12:31,BTCUSDT,ask,61100,545.471
2024-08-10 00:12:49,BTCUSDT,ask,61200,530.159
2024-08-10 00:12:51,BTCUSDT,ask,61200,530.164
2024-08-10 00:12:54,BTCUSDT,ask,61500,557.612
2024-08-10 00:13:00,BTCUSDT,bid,47500,636.047
2024-08-10 00:13:00,BTCUSDT,ask,62500,683.429
2024-08-10 00:13:10,BTCUSDT,ask,62000,649.152
2024-08-10 00:13:14,BTCUSDT,ask,61400,506.374
2024-08-10 00:13:17,BTCUSDT,ask,61200,530.817
2024-08-10 00:13:18,BTCUSDT,ask,62500,683.129
2024-08-10 00:13:26,BTCUSDT,ask,61200,531.47
2024-08-10 00:13:32,BTCUSDT,ask,62000,649.217
2024-08-10 00:13:36,BTCUSDT,ask,61200,531.547
2024-08-10 00:13:36,BTCUSDT,ask,61200,531.555
2024-08-10 00:13:38,BTCUSDT,ask,62500,683.154
2024-08-10 00:13:42,BTCUSDT,ask,62200,513.782
2024-08-10 00:13:43,BTCUSDT,ask,61800,511.704
2024-08-10 00:13:58,BTCUSDT,ask,61100,543.265
2024-08-10 00:13:58,BTCUSDT,ask,62000,649.299
2024-08-10 00:14:06,BTCUSDT,ask,62000,649.362
2024-08-10 00:14:14,BTCUSDT,ask,62200,513.791
2024-08-10 00:14:29,BTCUSDT,ask,62000,649.429
2024-08-10 00:14:35,BTCUSDT,ask,61200,531.745
2024-08-10 00:14:42,BTCUSDT,ask,62500,683.461
2024-08-10 00:14:49,BTCUSDT,ask,61400,506.545
2024-08-10 00:14:54,BTCUSDT,ask,62000,649.632
2024-08-10 00:14:55,BTCUSDT,ask,62300,521.736
2024-08-10 00:15:00,BTCUSDT,ask,61500,557.774
2024-08-10 00:15:03,BTCUSDT,ask,62400,516.888
2024-08-10 00:15:09,BTCUSDT,ask,61500,500.567
2024-08-10 00:15:16,BTCUSDT,ask,62300,521.71
2024-08-10 00:15:16,BTCUSDT,ask,61500,501.377
2024-08-10 00:15:16,BTCUSDT,ask,61500,502.594
2024-08-10 00:15:17,BTCUSDT,ask,62000,649.647
2024-08-10 00:15:17,BTCUSDT,ask,61500,503.243
2024-08-10 00:15:18,BTCUSDT,ask,61500,504.085
2024-08-10 00:15:18,BTCUSDT,ask,61500,504.473
2024-08-10 00:15:25,BTCUSDT,ask,61600,510.384
2024-08-10 00:15:30,BTCUSDT,ask,62000,649.637
2024-08-10 00:15:34,BTCUSDT,ask,62000,649.663
2024-08-10 00:15:40,BTCUSDT,ask,61500,557.43
2024-08-10 00:15:41,BTCUSDT,ask,62000,649.653
2024-08-10 00:15:48,BTCUSDT,ask,61600,510.391
2024-08-10 00:15:48,BTCUSDT,ask,62400,516.872
2024-08-10 00:16:10,BTCUSDT,ask,61200,535.439
2024-08-10 00:16:14,BTCUSDT,ask,61100,543.216
2024-08-10 00:16:18,BTCUSDT,ask,61100,543.316
2024-08-10 00:16:19,BTCUSDT,ask,61500,557.334
2024-08-10 00:16:19,BTCUSDT,ask,61100,543.216
2024-08-10 00:16:21,BTCUSDT,ask,61600,510.407
2024-08-10 00:16:24,BTCUSDT,ask,61400,507.39
2024-08-10 00:16:25,BTCUSDT,ask,61800,511.662
2024-08-10 00:16:30,BTCUSDT,ask,62500,683.663
2024-08-10 00:16:31,BTCUSDT,ask,61600,510.607
2024-08-10 00:16:33,BTCUSDT,ask,61100,544.448
2024-08-10 00:16:35,BTCUSDT,ask,61300,510.445
2024-08-10 00:16:36,BTCUSDT,ask,61200,535.42
2024-08-10 00:16:37,BTCUSDT,ask,61200,535.427
2024-08-10 00:16:37,BTCUSDT,ask,61500,557.341
2024-08-10 00:16:38,BTCUSDT,ask,61200,535.431
2024-08-10 00:16:40,BTCUSDT,ask,61500,560.593
2024-08-10 00:16:43,BTCUSDT,ask,61200,535.424
2024-08-10 00:16:43,BTCUSDT,ask,61300,510.449
2024-08-10 00:16:44,BTCUSDT,ask,62500,683.874
2024-08-10 00:16:49,BTCUSDT,ask,61500,560.507
2024-08-10 00:16:49,BTCUSDT,ask,61400,507.394
2024-08-10 00:16:49,BTCUSDT,ask,61600,510.245
2024-08-10 00:16:52,BTCUSDT,ask,62000,650.909
2024-08-10 00:16:52,BTCUSDT,ask,61100,544.606
2024-08-10 00:16:55,BTCUSDT,ask,61400,511.092
2024-08-10 00:16:57,BTCUSDT,ask,61500,561.477
2024-08-10 00:17:05,BTCUSDT,ask,61800,511.664
2024-08-10 00:17:12,BTCUSDT,ask,61700,509.005
2024-08-10 00:17:13,BTCUSDT,ask,61200,535.292
2024-08-10 00:17:13,BTCUSDT,ask,61900,514.515
2024-08-10 00:17:14,BTCUSDT,ask,62500,683.894
2024-08-10 00:17:23,BTCUSDT,ask,61200,535.285
2024-08-10 00:17:25,BTCUSDT,ask,61100,544.599
2024-08-10 00:17:26,BTCUSDT,ask,61100,544.61
2024-08-10 00:17:28,BTCUSDT,ask,61100,544.58
2024-08-10 00:17:29,BTCUSDT,ask,61200,535.283
2024-08-10 00:17:30,BTCUSDT,ask,62100,506.246
2024-08-10 00:17:31,BTCUSDT,ask,62000,650.733
2024-08-10 00:17:35,BTCUSDT,ask,61200,535.608
2024-08-10 00:17:37,BTCUSDT,ask,61800,511.666
2024-08-10 00:17:38,BTCUSDT,ask,62200,513.806
2024-08-10 00:17:38,BTCUSDT,ask,62300,522.71
2024-08-10 00:17:40,BTCUSDT,ask,61500,561.603
2024-08-10 00:17:42,BTCUSDT,ask,61800,511.893
2024-08-10 00:17:44,BTCUSDT,ask,62300,522.734
2024-08-10 00:17:47,BTCUSDT,ask,61800,512.009
2024-08-10 00:17:48,BTCUSDT,ask,61700,509.015
2024-08-10 00:17:49,BTCUSDT,ask,61100,544.584
2024-08-10 00:17:49,BTCUSDT,ask,61500,561.619
2024-08-10 00:17:49,BTCUSDT,ask,62400,516.911
2024-08-10 00:17:53,BTCUSDT,ask,61200,535.552
2024-08-10 00:17:54,BTCUSDT,ask,62500,683.899
2024-08-10 00:17:54,BTCUSDT,ask,61100,544.586
2024-08-10 00:17:58,BTCUSDT,ask,61200,535.258
2024-08-10 00:17:59,BTCUSDT,ask,61200,535.25
2024-08-10 00:17:59,BTCUSDT,ask,61500,560.653
2024-08-10 00:18:03,BTCUSDT,ask,61600,510.25
2024-08-10 00:18:07,BTCUSDT,ask,61200,535.254
2024-08-10 00:18:10,BTCUSDT,ask,62000,650.969
2024-08-10 00:18:11,BTCUSDT,ask,62400,517.024
2024-08-10 00:18:18,BTCUSDT,ask,61500,560.783
2024-08-10 00:18:18,BTCUSDT,ask,61200,535.316
2024-08-10 00:18:18,BTCUSDT,ask,61300,510.826
2024-08-10 00:18:18,BTCUSDT,ask,61500,560.657
2024-08-10 00:18:18,BTCUSDT,ask,61600,510.266
2024-08-10 00:18:18,BTCUSDT,ask,62200,513.93
2024-08-10 00:18:26,BTCUSDT,bid,47500,636.043
2024-08-10 00:18:26,BTCUSDT,ask,62500,683.889
2024-08-10 00:18:27,BTCUSDT,ask,61200,535.389
2024-08-10 00:18:27,BTCUSDT,ask,61200,535.454
2024-08-10 00:18:40,BTCUSDT,ask,62500,683.897
2024-08-10 00:18:47,BTCUSDT,ask,61200,535.654
2024-08-10 00:18:49,BTCUSDT,ask,62000,651.051
2024-08-10 00:18:54,BTCUSDT,ask,62000,651.091
2024-08-10 00:18:55,BTCUSDT,ask,61600,510.249
2024-08-10 00:19:00,BTCUSDT,ask,61100,544.592
2024-08-10 00:19:02,BTCUSDT,ask,61500,560.857
2024-08-10 00:19:03,BTCUSDT,ask,61500,560.88
2024-08-10 00:19:04,BTCUSDT,ask,61500,560.68
2024-08-10 00:19:06,BTCUSDT,ask,61500,560.88
2024-08-10 00:19:08,BTCUSDT,ask,61500,560.68
2024-08-10 00:19:10,BTCUSDT,ask,61200,535.66
2024-08-10 00:19:13,BTCUSDT,ask,62000,651.157
2024-08-10 00:19:20,BTCUSDT,ask,62000,651.253
2024-08-10 00:19:20,BTCUSDT,ask,61200,535.663
2024-08-10 00:19:20,BTCUSDT,ask,61500,560.583
2024-08-10 00:19:20,BTCUSDT,ask,61800,512.039
2024-08-10 00:19:20,BTCUSDT,ask,62100,506.249
2024-08-10 00:19:20,BTCUSDT,ask,62400,517.027
2024-08-10 00:19:23,BTCUSDT,ask,62000,651.753
2024-08-10 00:19:24,BTCUSDT,ask,62000,651.751
2024-08-10 00:19:24,BTCUSDT,ask,62000,651.779
2024-08-10 00:19:30,BTCUSDT,ask,62000,651.755
2024-08-10 00:19:30,BTCUSDT,ask,62400,517.051
2024-08-10 00:19:32,BTCUSDT,ask,61500,560.58
2024-08-10 00:19:32,BTCUSDT,ask,62500,683.715
2024-08-10 00:19:46,BTCUSDT,ask,62000,651.76
2024-08-10 00:20:04,BTCUSDT,ask,61400,510.047
2024-08-10 00:20:10,BTCUSDT,ask,62400,517.047
2024-08-10 00:20:12,BTCUSDT,ask,61400,510.093
2024-08-10 00:20:12,BTCUSDT,ask,62300,522.874
2024-08-10 00:20:22,BTCUSDT,ask,62200,514.01
2024-08-10 00:20:37,BTCUSDT,ask,61200,535.623
2024-08-10 00:20:41,BTCUSDT,ask,62500,683.743
2024-08-10 00:20:48,BTCUSDT,ask,61900,514.519
2024-08-10 00:20:50,BTCUSDT,ask,61100,544.567
2024-08-10 00:20:53,BTCUSDT,ask,61300,510.927
2024-08-10 00:20:59,BTCUSDT,ask,61100,544.56
2024-08-10 00:21:01,BTCUSDT,ask,62500,683.741
2024-08-10 00:21:02,BTCUSDT,ask,61300,510.956
2024-08-10 00:21:03,BTCUSDT,ask,62000,651.756
2024-08-10 00:21:09,BTCUSDT,ask,61600,509.974
2024-08-10 00:21:13,BTCUSDT,bid,47500,636.048
2024-08-10 00:21:13,BTCUSDT,ask,62500,683.746
2024-08-10 00:21:14,BTCUSDT,ask,61100,544.567
2024-08-10 00:21:16,BTCUSDT,ask,61500,560.564
2024-08-10 00:21:18,BTCUSDT,ask,62000,651.74
2024-08-10 00:21:18,BTCUSDT,ask,61500,560.574
2024-08-10 00:21:20,BTCUSDT,ask,62500,683.818
2024-08-10 00:21:24,BTCUSDT,ask,62500,683.983
2024-08-10 00:21:30,BTCUSDT,ask,62200,514.058
2024-08-10 00:21:35,BTCUSDT,ask,61100,543.34
2024-08-10 00:21:37,BTCUSDT,ask,61500,560.504
2024-08-10 00:21:49,BTCUSDT,ask,62000,651.751
2024-08-10 00:21:56,BTCUSDT,ask,61200,535.616
2024-08-10 00:21:56,BTCUSDT,ask,61500,560.497
2024-08-10 00:21:59,BTCUSDT,ask,61500,560.509
2024-08-10 00:22:02,BTCUSDT,ask,61500,560.539
2024-08-10 00:22:05,BTCUSDT,ask,61200,535.861
2024-08-10 00:22:07,BTCUSDT,ask,62000,651.721
2024-08-10 00:22:07,BTCUSDT,ask,62500,683.975
2024-08-10 00:22:40,BTCUSDT,ask,61400,510.247
2024-08-10 00:22:42,BTCUSDT,ask,61400,510.047
2024-08-10 00:22:45,BTCUSDT,ask,61300,510.956
2024-08-10 00:22:50,BTCUSDT,ask,61200,535.788
2024-08-10 00:23:08,BTCUSDT,ask,61100,543.346
2024-08-10 00:23:11,BTCUSDT,ask,62300,522.825
2024-08-10 00:23:15,BTCUSDT,ask,61300,512.552
2024-08-10 00:23:16,BTCUSDT,ask,61300,513.35
2024-08-10 00:23:16,BTCUSDT,ask,61300,514.148
2024-08-10 00:23:16,BTCUSDT,ask,61800,562.054
2024-08-10 00:23:27,BTCUSDT,ask,62200,514.258
2024-08-10 00:23:27,BTCUSDT,ask,62400,516.847
2024-08-10 00:23:29,BTCUSDT,ask,61400,510.247
2024-08-10 00:23:30,BTCUSDT,ask,61400,510.204
2024-08-10 00:23:32,BTCUSDT,ask,61400,510.004
2024-08-10 00:23:33,BTCUSDT,ask,61400,510.204
2024-08-10 00:23:35,BTCUSDT,ask,61400,510.004
2024-08-10 00:23:39,BTCUSDT,ask,61100,543.399
2024-08-10 00:23:45,BTCUSDT,ask,61300,512.552
2024-08-10 00:23:46,BTCUSDT,ask,61300,510.956
2024-08-10 00:23:51,BTCUSDT,ask,62500,684.059
2024-08-10 00:23:57,BTCUSDT,ask,62000,651.744
2024-08-10 00:24:07,BTCUSDT,ask,61700,509.033
2024-08-10 00:24:12,BTCUSDT,ask,61400,509.954
2024-08-10 00:24:33,BTCUSDT,ask,61500,560.555
2024-08-10 00:24:47,BTCUSDT,ask,61100,543.346
2024-08-10 00:24:47,BTCUSDT,ask,61500,560.607
2024-08-10 00:24:48,BTCUSDT,ask,61500,563.859
2024-08-10 00:24:53,BTCUSDT,ask,62500,684.052
2024-08-10 00:24:58,BTCUSDT,ask,61600,509.977
2024-08-10 00:25:03,BTCUSDT,ask,61500,563.697
2024-08-10 00:25:12,BTCUSDT,ask,61100,543.296
2024-08-10 00:25:16,BTCUSDT,bid,47500,636.253
2024-08-10 00:25:21,BTCUSDT,ask,61300,511.725
2024-08-10 00:25:22,BTCUSDT,ask,62500,684.077
2024-08-10 00:25:24,BTCUSDT,ask,61300,512.523
2024-08-10 00:25:41,BTCUSDT,ask,61200,536.888
2024-08-10 00:25:48,BTCUSDT,ask,62300,522.845
2024-08-10 00:25:50,BTCUSDT,ask,61300,511.725
2024-08-10 00:25:52,BTCUSDT,ask,61500,562.697
2024-08-10 00:25:54,BTCUSDT,ask,61300,510.927
2024-08-10 00:25:54,BTCUSDT,ask,62000,652.066
2024-08-10 00:26:00,BTCUSDT,ask,61700,509.044
2024-08-10 00:26:18,BTCUSDT,ask,61500,562.685
2024-08-10 00:26:24,BTCUSDT,ask,61900,514.527
2024-08-10 00:26:25,BTCUSDT,ask,62000,652.141
2024-08-10 00:26:29,BTCUSDT,ask,61500,562.735
2024-08-10 00:26:31,BTCUSDT,ask,61100,542.964
2024-08-10 00:26:39,BTCUSDT,ask,62100,506.258
2024-08-10 00:26:44,BTCUSDT,ask,61500,562.772
2024-08-10 00:26:47,BTCUSDT,ask,62200,514.264
2024-08-10 00:26:48,BTCUSDT,ask,62000,652.099
2024-08-10 00:26:51,BTCUSDT,ask,62200,514.262
2024-08-10 00:26:53,BTCUSDT,ask,62300,522.853
2024-08-10 00:26:55,BTCUSDT,ask,61500,562.735
2024-08-10 00:26:58,BTCUSDT,ask,62000,652.151
2024-08-10 00:26:59,BTCUSDT,ask,62400,516.856
2024-08-10 00:27:04,BTCUSDT,ask,62400,514.959
2024-08-10 00:27:06,BTCUSDT,ask,62000,652.099
2024-08-10 00:27:15,BTCUSDT,ask,61200,536.643
2024-08-10 00:27:17,BTCUSDT,ask,62000,652.202
2024-08-10 00:27:25,BTCUSDT,ask,61500,562.685
2024-08-10 00:27:31,BTCUSDT,ask,61500,562.738
2024-08-10 00:27:31,BTCUSDT,ask,62500,685.293
2024-08-10 00:27:32,BTCUSDT,ask,61200,536.943
2024-08-10 00:27:44,BTCUSDT,ask,61100,542.957
2024-08-10 00:27:47,BTCUSDT,ask,61500,564.738
2024-08-10 00:27:50,BTCUSDT,ask,61200,537.743
2024-08-10 00:27:53,BTCUSDT,bid,47000,859.58
2024-08-10 00:27:53,BTCUSDT,bid,47500,636.249
2024-08-10 00:27:58,BTCUSDT,ask,62500,687.293
2024-08-10 00:28:01,BTCUSDT,ask,61200,537.243
2024-08-10 00:28:19,BTCUSDT,ask,61200,536.443
2024-08-10 00:28:20,BTCUSDT,ask,62500,687.299
2024-08-10 00:28:28,BTCUSDT,ask,62000,652.086
2024-08-10 00:28:33,BTCUSDT,ask,62500,687.291
2024-08-10 00:28:38,BTCUSDT,ask,61100,542.976
2024-08-10 00:28:40,BTCUSDT,ask,61900,514.727
2024-08-10 00:28:42,BTCUSDT,ask,61500,564.74
2024-08-10 00:28:43,BTCUSDT,ask,62400,516.953
2024-08-10 00:28:51,BTCUSDT,ask,61400,506.256
2024-08-10 00:28:53,BTCUSDT,ask,62000,652.118
2024-08-10 00:28:54,BTCUSDT,ask,62000,652.121
2024-08-10 00:29:04,BTCUSDT,ask,61500,564.69
2024-08-10 00:29:22,BTCUSDT,ask,61300,510.765
2024-08-10 00:29:29,BTCUSDT,ask,61800,562.052
2024-08-10 00:29:40,BTCUSDT,ask,61500,564.684
2024-08-10 00:29:40,BTCUSDT,ask,61600,509.982
2024-08-10 00:29:47,BTCUSDT,ask,62000,652.221
2024-08-10 00:29:48,BTCUSDT,ask,61500,564.686
2024-08-10 00:29:56,BTCUSDT,ask,61200,536.627
2024-08-10 00:29:57,BTCUSDT,ask,61700,508.234
2024-08-10 00:29:57,BTCUSDT,ask,62500,687.293
2024-08-10 00:30:15,BTCUSDT,ask,61100,542.97
2024-08-10 00:30:16,BTCUSDT,ask,62500,687.298
2024-08-10 00:30:22,BTCUSDT,bid,47000,859.765
2024-08-10 00:30:23,BTCUSDT,ask,61100,542.978
2024-08-10 00:30:25,BTCUSDT,ask,62000,652.223
2024-08-10 00:30:34,BTCUSDT,ask,61800,562.032
2024-08-10 00:30:43,BTCUSDT,ask,62500,687.3
2024-08-10 00:30:49,BTCUSDT,ask,61300,510.847
2024-08-10 00:30:58,BTCUSDT,ask,62000,652.225
2024-08-10 00:31:00,BTCUSDT,ask,62500,687.29
2024-08-10 00:31:03,BTCUSDT,ask,61800,562.17
2024-08-10 00:31:17,BTCUSDT,ask,61500,564.931
2024-08-10 00:31:29,BTCUSDT,ask,62500,687.348
2024-08-10 00:31:31,BTCUSDT,ask,61200,536.988
2024-08-10 00:31:34,BTCUSDT,ask,62200,515.262
2024-08-10 00:31:36,BTCUSDT,ask,61500,564.747
2024-08-10 00:31:37,BTCUSDT,ask,61500,564.777
2024-08-10 00:31:51,BTCUSDT,ask,61500,564.779
2024-08-10 00:31:55,BTCUSDT,ask,61700,508.237
2024-08-10 00:32:03,BTCUSDT,ask,61300,510.772
2024-08-10 00:32:05,BTCUSDT,ask,61500,564.744
2024-08-10 00:32:07,BTCUSDT,ask,62000,652.227
2024-08-10 00:32:10,BTCUSDT,ask,61300,510.605
2024-08-10 00:32:10,BTCUSDT,ask,61900,514.719
2024-08-10 00:32:14,BTCUSDT,ask,61400,506.354
2024-08-10 00:32:15,BTCUSDT,ask,61100,542.987
2024-08-10 00:32:21,BTCUSDT,ask,61200,537.004
2024-08-10 00:32:26,BTCUSDT,ask,61400,506.327
2024-08-10 00:32:26,BTCUSDT,ask,62000,652.162
2024-08-10 00:32:28,BTCUSDT,ask,61300,510.523
2024-08-10 00:32:29,BTCUSDT,ask,62200,515.232
2024-08-10 00:32:31,BTCUSDT,ask,62000,652.165
2024-08-10 00:32:33,BTCUSDT,ask,61300,510.526
2024-08-10 00:32:33,BTCUSDT,ask,61800,562.173
2024-08-10 00:32:34,BTCUSDT,ask,61500,564.769
2024-08-10 00:32:37,BTCUSDT,ask,61500,564.761
2024-08-10 00:32:37,BTCUSDT,ask,61600,510.08
2024-08-10 00:32:39,BTCUSDT,ask,62500,687.35
2024-08-10 00:32:42,BTCUSDT,ask,62000,652.263
2024-08-10 00:32:45,BTCUSDT,ask,62300,521.853
2024-08-10 00:32:55,BTCUSDT,ask,61500,564.761
2024-08-10 00:32:59,BTCUSDT,ask,62500,688.37
2024-08-10 00:33:02,BTCUSDT,ask,62500,688.47
2024-08-10 00:33:03,BTCUSDT,ask,61700,508.239
2024-08-10 00:33:12,BTCUSDT,ask,62000,652.265
2024-08-10 00:33:14,BTCUSDT,ask,62300,521.88
2024-08-10 00:33:19,BTCUSDT,ask,61700,508.168
2024-08-10 00:33:19,BTCUSDT,ask,61500,564.745
2024-08-10 00:33:23,BTCUSDT,ask,61700,508.171
2024-08-10 00:33:27,BTCUSDT,ask,61300,510.534
2024-08-10 00:33:36,BTCUSDT,ask,61800,562.176
2024-08-10 00:33:42,BTCUSDT,ask,62300,524.68
2024-08-10 00:33:45,BTCUSDT,ask,62000,652.257
2024-08-10 00:33:52,BTCUSDT,ask,61700,508.186
2024-08-10 00:33:55,BTCUSDT,ask,61900,514.722
2024-08-10 00:33:58,BTCUSDT,ask,62100,506.242
2024-08-10 00:34:11,BTCUSDT,ask,62100,506.195
2024-08-10 00:34:12,BTCUSDT,ask,61200,537.363
2024-08-10 00:34:27,BTCUSDT,ask,62400,516.969
2024-08-10 00:34:32,BTCUSDT,ask,61200,537.004
2024-08-10 00:34:37,BTCUSDT,ask,61500,564.764
2024-08-10 00:34:38,BTCUSDT,ask,61600,510.087
2024-08-10 00:34:42,BTCUSDT,ask,61100,542.857
2024-08-10 00:34:45,BTCUSDT,ask,62000,652.26
2024-08-10 00:34:50,BTCUSDT,ask,61100,542.757
2024-08-10 00:34:56,BTCUSDT,ask,61500,562.23
2024-08-10 00:35:09,BTCUSDT,ask,62000,652.332
2024-08-10 00:35:16,BTCUSDT,ask,61200,538.272
2024-08-10 00:35:24,BTCUSDT,ask,62500,688.472
2024-08-10 00:35:27,BTCUSDT,ask,61500,562.334
2024-08-10 00:35:28,BTCUSDT,ask,61900,514.69
2024-08-10 00:35:28,BTCUSDT,ask,62000,652.301
2024-08-10 00:35:28,BTCUSDT,ask,62100,506.162
2024-08-10 00:35:28,BTCUSDT,ask,62200,515.201
2024-08-10 00:35:28,BTCUSDT,ask,62300,524.656
2024-08-10 00:35:28,BTCUSDT,ask,62400,516.937
2024-08-10 00:35:28,BTCUSDT,ask,62500,688.44
2024-08-10 00:35:28,BTCUSDT,ask,61200,537.004
2024-08-10 00:35:30,BTCUSDT,ask,61500,561.951
2024-08-10 00:35:31,BTCUSDT,ask,61100,542.766
2024-08-10 00:35:37,BTCUSDT,ask,62300,524.648
2024-08-10 00:35:40,BTCUSDT,ask,61400,506.431
2024-08-10 00:35:40,BTCUSDT,ask,62000,652.266
2024-08-10 00:35:41,BTCUSDT,ask,62000,652.282
2024-08-10 00:35:42,BTCUSDT,ask,61100,544.034
2024-08-10 00:35:49,BTCUSDT,ask,61100,544.025
2024-08-10 00:35:50,BTCUSDT,ask,62000,652.382
2024-08-10 00:35:53,BTCUSDT,ask,62000,652.378
2024-08-10 00:35:56,BTCUSDT,ask,62200,515.241
2024-08-10 00:35:56,BTCUSDT,ask,61200,536.91
2024-08-10 00:35:57,BTCUSDT,ask,61500,561.935
2024-08-10 00:35:57,BTCUSDT,ask,61300,510.539
2024-08-10 00:35:58,BTCUSDT,ask,61200,533.675
2024-08-10 00:36:02,BTCUSDT,ask,61900,514.777
2024-08-10 00:36:02,BTCUSDT,ask,62300,524.638
2024-08-10 00:36:03,BTCUSDT,ask,61300,510.289
2024-08-10 00:36:04,BTCUSDT,ask,62000,652.378
2024-08-10 00:36:05,BTCUSDT,ask,61400,506.231
2024-08-10 00:36:08,BTCUSDT,ask,62000,652.39
2024-08-10 00:36:10,BTCUSDT,ask,61800,562.276
2024-08-10 00:36:10,BTCUSDT,ask,61500,561.94
2024-08-10 00:36:11,BTCUSDT,ask,62500,688.453
2024-08-10 00:36:13,BTCUSDT,ask,62500,688.351
2024-08-10 00:36:14,BTCUSDT,ask,62000,652.477
2024-08-10 00:36:18,BTCUSDT,ask,62300,524.643
2024-08-10 00:36:22,BTCUSDT,ask,62100,506.278
2024-08-10 00:36:24,BTCUSDT,ask,61100,544.142
2024-08-10 00:36:30,BTCUSDT,ask,62200,515.325
2024-08-10 00:36:30,BTCUSDT,ask,62500,688.451
2024-08-10 00:36:32,BTCUSDT,ask,62300,524.651
2024-08-10 00:36:32,BTCUSDT,ask,62300,524.648
2024-08-10 00:36:33,BTCUSDT,ask,62300,524.664
2024-08-10 00:36:37,BTCUSDT,ask,62300,524.75
2024-08-10 00:36:38,BTCUSDT,ask,61100,544.304
2024-08-10 00:36:46,BTCUSDT,ask,62400,517.022
2024-08-10 00:36:47,BTCUSDT,ask,62200,515.333
2024-08-10 00:36:51,BTCUSDT,ask,62500,688.531
2024-08-10 00:37:06,BTCUSDT,ask,61800,561.775
2024-08-10 00:37:07,BTCUSDT,ask,62000,652.377
2024-08-10 00:37:09,BTCUSDT,ask,62000,652.401
2024-08-10 00:37:11,BTCUSDT,ask,61500,561.961
2024-08-10 00:37:13,BTCUSDT,ask,61400,506.211
2024-08-10 00:37:16,BTCUSDT,ask,62200,515.807
2024-08-10 00:37:17,BTCUSDT,ask,61800,561.733
2024-08-10 00:37:20,BTCUSDT,ask,61500,561.941
2024-08-10 00:37:21,BTCUSDT,ask,62000,652.601
2024-08-10 00:37:22,BTCUSDT,ask,61200,534.432
2024-08-10 00:37:25,BTCUSDT,ask,61500,561.92
2024-08-10 00:37:28,BTCUSDT,ask,62500,688.473
2024-08-10 00:37:28,BTCUSDT,ask,61200,534.416
2024-08-10 00:37:30,BTCUSDT,ask,61200,534.496
2024-08-10 00:37:33,BTCUSDT,ask,61600,510.169
2024-08-10 00:37:38,BTCUSDT,ask,61400,506.369
2024-08-10 00:37:39,BTCUSDT,ask,61600,510.182
2024-08-10 00:37:39,BTCUSDT,ask,61500,561.904
2024-08-10 00:37:41,BTCUSDT,ask,61300,510.297
2024-08-10 00:37:42,BTCUSDT,ask,61800,561.813
2024-08-10 00:37:43,BTCUSDT,ask,61300,510.379
2024-08-10 00:37:44,BTCUSDT,ask,62500,688.489
2024-08-10 00:37:44,BTCUSDT,ask,62500,688.521
2024-08-10 00:37:45,BTCUSDT,ask,61300,510.618
2024-08-10 00:37:47,BTCUSDT,ask,62200,515.809
2024-08-10 00:37:51,BTCUSDT,ask,61200,534.507
2024-08-10 00:37:53,BTCUSDT,ask,61700,508.195
2024-08-10 00:37:59,BTCUSDT,ask,61200,534.427
2024-08-10 00:38:01,BTCUSDT,ask,61500,562.008
2024-08-10 00:38:02,BTCUSDT,ask,62000,652.609
2024-08-10 00:38:03,BTCUSDT,ask,61800,561.877
2024-08-10 00:38:03,BTCUSDT,ask,62200,515.817
2024-08-10 00:38:04,BTCUSDT,ask,61500,562.363
2024-08-10 00:38:07,BTCUSDT,ask,61500,566.605
2024-08-10 00:38:10,BTCUSDT,ask,61500,566.613
2024-08-10 00:38:11,BTCUSDT,ask,61300,510.623
2024-08-10 00:38:14,BTCUSDT,ask,62300,524.758
2024-08-10 00:38:15,BTCUSDT,ask,61100,544.404
2024-08-10 00:38:16,BTCUSDT,ask,61300,510.625
2024-08-10 00:38:17,BTCUSDT,ask,61600,510.595
2024-08-10 00:38:17,BTCUSDT,ask,62300,524.74
2024-08-10 00:38:18,BTCUSDT,ask,61100,544.304
2024-08-10 00:38:18,BTCUSDT,ask,61900,514.758
2024-08-10 00:38:20,BTCUSDT,ask,61600,510.136
2024-08-10 00:38:22,BTCUSDT,ask,61200,534.416
2024-08-10 00:38:24,BTCUSDT,ask,61300,510.623
2024-08-10 00:38:25,BTCUSDT,ask,61100,544.306
2024-08-10 00:38:26,BTCUSDT,ask,62200,515.335
2024-08-10 00:38:26,BTCUSDT,ask,61100,544.314
2024-08-10 00:38:26,BTCUSDT,ask,61500,566.597
2024-08-10 00:38:26,BTCUSDT,ask,62500,688.537
2024-08-10 00:38:26,BTCUSDT,ask,61800,561.797
2024-08-10 00:38:26,BTCUSDT,ask,62100,506.357
2024-08-10 00:38:28,BTCUSDT,ask,62500,688.449
2024-08-10 00:38:32,BTCUSDT,ask,62500,688.279
2024-08-10 00:38:33,BTCUSDT,ask,61100,544.414
2024-08-10 00:38:35,BTCUSDT,ask,61100,544.416
2024-08-10 00:38:36,BTCUSDT,ask,61100,544.316
2024-08-10 00:38:37,BTCUSDT,ask,61100,544.416
2024-08-10 00:38:38,BTCUSDT,ask,61500,566.608
2024-08-10 00:38:39,BTCUSDT,ask,61100,544.316
2024-08-10 00:38:39,BTCUSDT,ask,61200,534.418
2024-08-10 00:38:39,BTCUSDT,ask,61400,506.447
2024-08-10 00:38:40,BTCUSDT,ask,62500,688.391
2024-08-10 00:38:40,BTCUSDT,ask,62500,688.375
2024-08-10 00:38:41,BTCUSDT,ask,61800,561.997
2024-08-10 00:38:45,BTCUSDT,ask,61100,544.359
2024-08-10 00:38:48,BTCUSDT,ask,61300,510.652
2024-08-10 00:38:51,BTCUSDT,ask,61500,566.819
2024-08-10 00:38:52,BTCUSDT,ask,62100,506.383
2024-08-10 00:38:56,BTCUSDT,ask,61700,508.218
2024-08-10 00:38:59,BTCUSDT,ask,61500,566.821
2024-08-10 00:38:59,BTCUSDT,ask,61700,508.216
2024-08-10 00:38:59,BTCUSDT,ask,61500,500.482
2024-08-10 00:39:00,BTCUSDT,ask,61500,500.0
2024-08-10 00:39:01,BTCUSDT,ask,61300,510.649
2024-08-10 00:39:02,BTCUSDT,ask,62500,689.342
2024-08-10 00:39:04,BTCUSDT,ask,61800,561.999
2024-08-10 00:39:05,BTCUSDT,ask,61500,500.487
2024-08-10 00:39:05,BTCUSDT,ask,61100,544.462
2024-08-10 00:39:11,BTCUSDT,ask,61900,514.76
2024-08-10 00:39:16,BTCUSDT,ask,61300,510.62
2024-08-10 00:39:19,BTCUSDT,ask,61200,535.712
2024-08-10 00:39:30,BTCUSDT,ask,61200,535.745
2024-08-10 00:39:34,BTCUSDT,ask,61600,510.595
2024-08-10 00:39:37,BTCUSDT,ask,62000,555.897
2024-08-10 00:39:46,BTCUSDT,ask,62000,555.979
2024-08-10 00:39:55,BTCUSDT,ask,62100,506.385
2024-08-10 00:40:03,BTCUSDT,ask,61400,506.463
2024-08-10 00:40:09,BTCUSDT,ask,61500,566.817
2024-08-10 00:40:09,BTCUSDT,ask,61500,566.82
2024-08-10 00:40:11,BTCUSDT,ask,62500,689.292
2024-08-10 00:40:14,BTCUSDT,ask,61200,535.028
2024-08-10 00:40:17,BTCUSDT,ask,62000,555.985
2024-08-10 00:40:20,BTCUSDT,ask,62200,515.351
2024-08-10 00:40:30,BTCUSDT,ask,62200,515.355
2024-08-10 00:40:33,BTCUSDT,ask,61500,566.268
2024-08-10 00:40:39,BTCUSDT,ask,62100,506.387
2024-08-10 00:40:48,BTCUSDT,ask,62100,506.385
2024-08-10 00:40:49,BTCUSDT,ask,62000,556.017
2024-08-10 00:41:12,BTCUSDT,ask,62000,555.977
2024-08-10 00:41:15,BTCUSDT,ask,62000,555.981
2024-08-10 00:41:19,BTCUSDT,ask,61200,535.048
2024-08-10 00:41:19,BTCUSDT,ask,62400,517.014
2024-08-10 00:41:20,BTCUSDT,ask,62200,515.372
2024-08-10 00:41:26,BTCUSDT,ask,61200,534.254
2024-08-10 00:41:29,BTCUSDT,ask,61200,534.274
2024-08-10 00:41:33,BTCUSDT,ask,62500,689.308
2024-08-10 00:41:34,BTCUSDT,ask,62500,689.316
2024-08-10 00:41:46,BTCUSDT,ask,61100,544.466
2024-08-10 00:41:50,BTCUSDT,ask,62500,689.29
2024-08-10 00:41:51,BTCUSDT,ask,61600,510.69
2024-08-10 00:41:53,BTCUSDT,ask,61500,500.0
2024-08-10 00:41:58,BTCUSDT,ask,61500,566.468
2024-08-10 00:42:00,BTCUSDT,ask,61500,566.268
2024-08-10 00:42:02,BTCUSDT,ask,61200,534.28
2024-08-10 00:42:05,BTCUSDT,ask,61100,544.363
2024-08-10 00:42:17,BTCUSDT,ask,62000,555.944
2024-08-10 00:42:19,BTCUSDT,ask,61500,566.468
2024-08-10 00:42:21,BTCUSDT,ask,61500,566.268
2024-08-10 00:42:32,BTCUSDT,ask,61200,534.283
2024-08-10 00:42:32,BTCUSDT,ask,62500,689.323
2024-08-10 00:42:47,BTCUSDT,ask,61600,510.713
2024-08-10 00:42:56,BTCUSDT,ask,62000,555.936
2024-08-10 00:42:57,BTCUSDT,ask,62000,555.939
2024-08-10 00:43:19,BTCUSDT,ask,61100,544.38
2024-08-10 00:43:27,BTCUSDT,ask,61500,566.465
2024-08-10 00:43:40,BTCUSDT,ask,61500,566.514
2024-08-10 00:43:41,BTCUSDT,ask,62500,689.423
2024-08-10 00:43:57,BTCUSDT,ask,61500,566.453
2024-08-10 00:44:10,BTCUSDT,ask,62200,515.508
2024-08-10 00:44:31,BTCUSDT,ask,61600,510.71
2024-08-10 00:44:31,BTCUSDT,ask,62000,556.039
2024-08-10 00:44:32,BTCUSDT,ask,61300,510.617
2024-08-10 00:44:33,BTCUSDT,ask,61500,566.451
2024-08-10 00:44:36,BTCUSDT,ask,62000,556.052
2024-08-10 00:44:36,BTCUSDT,ask,61500,500.957
2024-08-10 00:44:50,BTCUSDT,ask,62100,506.335
2024-08-10 00:44:59,BTCUSDT,ask,61100,544.382
2024-08-10 00:45:00,BTCUSDT,ask,61500,566.437
2024-08-10 00:45:03,BTCUSDT,ask,62100,506.375
2024-08-10 00:45:06,BTCUSDT,ask,61500,500.0
2024-08-10 00:45:12,BTCUSDT,bid,47500,636.244
2024-08-10 00:45:12,BTCUSDT,ask,62500,689.418
2024-08-10 00:45:27,BTCUSDT,ask,61200,534.252
2024-08-10 00:45:41,BTCUSDT,ask,62000,556.036
2024-08-10 00:45:45,BTCUSDT,ask,62500,689.465
2024-08-10 00:45:53,BTCUSDT,ask,62500,689.418
2024-08-10 00:45:59,BTCUSDT,ask,62500,689.416
2024-08-10 00:46:00,BTCUSDT,ask,62500,689.463
2024-08-10 00:46:03,BTCUSDT,ask,61300,510.609
2024-08-10 00:46:10,BTCUSDT,ask,61400,506.458
2024-08-10 00:46:10,BTCUSDT,ask,62200,515.492
2024-08-10 00:46:41,BTCUSDT,ask,62300,521.94
2024-08-10 00:46:47,BTCUSDT,ask,62000,556.044
2024-08-10 00:47:19,BTCUSDT,ask,62000,556.027
2024-08-10 00:47:37,BTCUSDT,ask,62200,515.475
2024-08-10 00:47:38,BTCUSDT,ask,61100,544.379
2024-08-10 00:47:52,BTCUSDT,ask,62200,515.494
2024-08-10 00:47:54,BTCUSDT,ask,61400,506.658
2024-08-10 00:47:56,BTCUSDT,ask,61400,506.458
2024-08-10 00:47:57,BTCUSDT,bid,47500,636.249
2024-08-10 00:48:04,BTCUSDT,ask,61400,506.447
2024-08-10 00:48:09,BTCUSDT,ask,61400,506.289
2024-08-10 00:48:09,BTCUSDT,ask,61200,534.249
2024-08-10 00:48:09,BTCUSDT,ask,61400,506.219
2024-08-10 00:48:11,BTCUSDT,ask,62500,689.474
2024-08-10 00:48:13,BTCUSDT,ask,62000,556.396
2024-08-10 00:48:17,BTCUSDT,ask,61300,510.62
2024-08-10 00:48:25,BTCUSDT,ask,61400,506.224
2024-08-10 00:48:37,BTCUSDT,ask,61200,534.251
2024-08-10 00:48:56,BTCUSDT,ask,62000,556.387
2024-08-10 00:49:01,BTCUSDT,ask,61500,566.468
2024-08-10 00:49:06,BTCUSDT,bid,47500,636.244
2024-08-10 00:49:06,BTCUSDT,ask,61300,510.615
2024-08-10 00:49:06,BTCUSDT,ask,61600,510.71
2024-08-10 00:49:06,BTCUSDT,ask,61900,514.76
2024-08-10 00:49:06,BTCUSDT,ask,62200,515.494
2024-08-10 00:49:06,BTCUSDT,ask,62500,689.469
2024-08-10 00:49:15,BTCUSDT,ask,62500,689.46
2024-08-10 00:49:18,BTCUSDT,ask,61100,544.339
2024-08-10 00:49:18,BTCUSDT,ask,61300,510.535
2024-08-10 00:49:18,BTCUSDT,ask,61500,566.308
2024-08-10 00:49:27,BTCUSDT,ask,61500,566.167
2024-08-10 00:49:48,BTCUSDT,ask,62000,556.389
2024-08-10 00:50:00,BTCUSDT,ask,62000,556.533
2024-08-10 00:50:20,BTCUSDT,ask,62000,556.524
2024-08-10 00:50:27,BTCUSDT,ask,62000,556.527
2024-08-10 00:50:36,BTCUSDT,ask,62300,521.962
2024-08-10 00:50:46,BTCUSDT,ask,62500,689.55
2024-08-10 00:50:53,BTCUSDT,ask,62500,689.6
2024-08-10 00:51:04,BTCUSDT,ask,61100,544.258
2024-08-10 00:51:14,BTCUSDT,ask,61900,514.763
2024-08-10 00:51:21,BTCUSDT,ask,61700,508.212
2024-08-10 00:51:23,BTCUSDT,ask,62500,689.457
2024-08-10 00:51:30,BTCUSDT,ask,61500,566.439
2024-08-10 00:51:45,BTCUSDT,ask,61300,510.543
2024-08-10 00:51:49,BTCUSDT,ask,62500,689.054
2024-08-10 00:51:53,BTCUSDT,ask,62500,689.354
2024-08-10 00:52:07,BTCUSDT,ask,62200,515.477
2024-08-10 00:52:19,BTCUSDT,ask,62200,515.277
2024-08-10 00:52:19,BTCUSDT,ask,62400,517.214
2024-08-10 00:52:34,BTCUSDT,ask,62000,556.607
2024-08-10 00:52:40,BTCUSDT,ask,62300,521.954
2024-08-10 00:52:58,BTCUSDT,ask,62200,515.294
2024-08-10 00:53:14,BTCUSDT,ask,62000,556.6
2024-08-10 00:53:34,BTCUSDT,ask,62000,556.602
2024-08-10 00:53:34,BTCUSDT,ask,62000,556.616
2024-08-10 00:53:37,BTCUSDT,ask,61100,545.068
2024-08-10 00:53:43,BTCUSDT,ask,62500,689.393
2024-08-10 00:54:27,BTCUSDT,ask,62500,689.768
2024-08-10 00:54:37,BTCUSDT,ask,61200,534.211
2024-08-10 00:54:37,BTCUSDT,ask,61300,510.535
2024-08-10 00:54:45,BTCUSDT,ask,61200,534.09
2024-08-10 00:54:47,BTCUSDT,ask,61200,533.89
2024-08-10 00:55:08,BTCUSDT,ask,61200,533.89
2024-08-10 00:55:31,BTCUSDT,ask,62300,522.48
2024-08-10 00:55:32,BTCUSDT,ask,61500,566.421
2024-08-10 00:55:40,BTCUSDT,ask,61200,533.84
2024-08-10 00:56:07,BTCUSDT,ask,62000,555.505
2024-08-10 00:56:07,BTCUSDT,ask,62200,515.292
2024-08-10 00:56:07,BTCUSDT,ask,62400,517.212
2024-08-10 00:56:31,BTCUSDT,ask,61800,562.114
2024-08-10 00:56:34,BTCUSDT,ask,61100,544.288
2024-08-10 00:56:46,BTCUSDT,ask,62500,689.752
2024-08-10 00:56:48,BTCUSDT,ask,61100,544.328
2024-08-10 00:57:10,BTCUSDT,ask,61200,533.104
2024-08-10 00:57:22,BTCUSDT,ask,61500,565.431
2024-08-10 00:57:36,BTCUSDT,ask,61200,533.134
2024-08-10 00:57:45,BTCUSDT,ask,61300,510.532
2024-08-10 00:57:45,BTCUSDT,ask,61800,562.111
2024-08-10 00:57:53,BTCUSDT,ask,61600,510.456
2024-08-10 00:58:06,BTCUSDT,ask,61400,506.009
2024-08-10 00:58:14,BTCUSDT,ask,61100,544.478
2024-08-10 00:58:48,BTCUSDT,ask,62000,555.498
2024-08-10 00:58:50,BTCUSDT,ask,62500,689.756
2024-08-10 00:58:51,BTCUSDT,ask,61500,565.159
2024-08-10 00:58:51,BTCUSDT,ask,61200,533.334
2024-08-10 00:58:53,BTCUSDT,ask,61300,511.493
2024-08-10 00:58:53,BTCUSDT,ask,61200,533.134
2024-08-10 00:58:56,BTCUSDT,ask,61300,512.493
2024-08-10 00:59:09,BTCUSDT,ask,61300,512.737
2024-08-10 00:59:13,BTCUSDT,ask,62200,516.247
2024-08-10 00:59:17,BTCUSDT,ask,62500,689.789
2024-08-10 00:59:23,BTCUSDT,ask,61300,511.776
2024-08-10 00:59:29,BTCUSDT,ask,62000,555.408
2024-08-10 00:59:30,BTCUSDT,ask,61100,544.278
2024-08-10 01:00:20,BTCUSDT,ask,62500,689.791
2024-08-10 01:00:22,BTCUSDT,ask,61100,544.098
2024-08-10 01:00:23,BTCUSDT,ask,62000,555.41
2024-08-10 01:01:11,BTCUSDT,bid,47500,636.241
2024-08-10 01:01:11,BTCUSDT,ask,62500,689.788
2024-08-10 01:01:28,BTCUSDT,ask,62300,522.527
2024-08-10 01:01:41,BTCUSDT,ask,62400,517.43
2024-08-10 01:02:01,BTCUSDT,ask,61200,533.144
2024-08-10 01:02:01,BTCUSDT,ask,61100,544.09
2024-08-10 01:02:08,BTCUSDT,ask,61700,508.209
2024-08-10 01:02:15,BTCUSDT,ask,61600,510.356
2024-08-10 01:02:52,BTCUSDT,ask,62500,689.814
2024-08-10 01:03:19,BTCUSDT,ask,61100,544.034
2024-08-10 01:03:33,BTCUSDT,ask,62000,555.539
2024-08-10 01:03:33,BTCUSDT,ask,62200,516.292
2024-08-10 01:03:33,BTCUSDT,ask,62300,522.533
2024-08-10 01:03:37,BTCUSDT,ask,61400,506.549
2024-08-10 01:03:51,BTCUSDT,ask,61500,566.154
2024-08-10 01:03:57,BTCUSDT,ask,61800,562.096
2024-08-10 01:04:04,BTCUSDT,ask,61200,532.954
2024-08-10 01:04:15,BTCUSDT,ask,61500,567.654
2024-08-10 01:04:24,BTCUSDT,ask,61500,567.624
2024-08-10 01:04:27,BTCUSDT,bid,47000,859.822
2024-08-10 01:04:35,BTCUSDT,ask,61500,567.644
2024-08-10 01:04:38,BTCUSDT,ask,62300,522.573
2024-08-10 01:04:40,BTCUSDT,ask,61800,562.112
2024-08-10 01:04:40,BTCUSDT,ask,62500,689.798
2024-08-10 01:04:44,BTCUSDT,ask,62100,506.568
2024-08-10 01:04:49,BTCUSDT,ask,62500,689.789
2024-08-10 01:04:51,BTCUSDT,ask,61100,544.099
2024-08-10 01:04:51,BTCUSDT,ask,61300,512.776
2024-08-10 01:05:01,BTCUSDT,ask,61300,511.776
2024-08-10 01:05:10,BTCUSDT,ask,61400,506.541
2024-08-10 01:05:13,BTCUSDT,bid,47000,859.765
2024-08-10 01:05:19,BTCUSDT,ask,61300,511.785
2024-08-10 01:05:19,BTCUSDT,ask,61800,562.121
2024-08-10 01:05:34,BTCUSDT,ask,61300,511.776
2024-08-10 01:05:34,BTCUSDT,ask,61800,562.112
2024-08-10 01:05:34,BTCUSDT,ask,61300,512.776
2024-08-10 01:05:35,BTCUSDT,ask,61100,544.097
2024-08-10 01:05:35,BTCUSDT,ask,61200,532.952
2024-08-10 01:05:35,BTCUSDT,ask,61300,512.774
2024-08-10 01:05:35,BTCUSDT,ask,61400,506.539
2024-08-10 01:05:35,BTCUSDT,ask,61500,567.642
2024-08-10 01:05:35,BTCUSDT,ask,61600,510.354
2024-08-10 01:05:35,BTCUSDT,ask,61700,508.186
2024-08-10 01:05:35,BTCUSDT,ask,61800,562.11
2024-08-10 01:05:35,BTCUSDT,ask,61900,514.761
2024-08-10 01:05:35,BTCUSDT,ask,62000,556.279
2024-08-10 01:05:35,BTCUSDT,ask,62100,506.566
2024-08-10 01:05:35,BTCUSDT,ask,62200,516.29
2024-08-10 01:05:52,BTCUSDT,ask,61400,506.519
2024-08-10 01:06:14,BTCUSDT,bid,47000,859.768
2024-08-10 01:06:14,BTCUSDT,ask,62000,556.282
2024-08-10 01:06:29,BTCUSDT,ask,62500,689.756
2024-08-10 01:06:35,BTCUSDT,ask,61900,514.711
2024-08-10 01:06:45,BTCUSDT,ask,62000,556.479
