2024-08-06 23:30:32,BTCUSDT,ask,57000,763.101
2024-08-06 23:30:38,BTCUSDT,ask,56900,538.73
2024-08-06 23:30:41,BTCUSDT,ask,56900,538.728
2024-08-06 23:30:43,BTCUSDT,ask,56900,538.726
2024-08-06 23:30:57,BTCUSDT,ask,56900,538.97
2024-08-06 23:31:07,BTCUSDT,ask,57200,565.172
2024-08-06 23:31:09,BTCUSDT,ask,57200,565.162
2024-08-06 23:31:18,BTCUSDT,bid,47000,876.984
2024-08-06 23:31:19,BTCUSDT,ask,57000,762.887
2024-08-06 23:31:25,BTCUSDT,ask,57200,565.266
2024-08-06 23:31:32,BTCUSDT,ask,56800,536.323
2024-08-06 23:31:34,BTCUSDT,ask,56900,538.705
2024-08-06 23:31:39,BTCUSDT,ask,57000,762.646
2024-08-06 23:31:44,BTCUSDT,ask,57000,762.546
2024-08-06 23:31:48,BTCUSDT,ask,56800,536.31
2024-08-06 23:31:53,BTCUSDT,ask,56900,538.676
2024-08-06 23:31:59,BTCUSDT,ask,56800,536.279
2024-08-06 23:32:02,BTCUSDT,ask,57200,567.266
2024-08-06 23:32:04,BTCUSDT,ask,56900,539.542
2024-08-06 23:32:12,BTCUSDT,ask,57000,762.525
2024-08-06 23:32:17,BTCUSDT,ask,56800,536.347
2024-08-06 23:32:17,BTCUSDT,ask,57000,762.545
2024-08-06 23:32:28,BTCUSDT,ask,57000,762.531
2024-08-06 23:32:34,BTCUSDT,ask,57000,763.061
2024-08-06 23:32:40,BTCUSDT,ask,57200,567.251
2024-08-06 23:32:44,BTCUSDT,ask,56800,536.533
2024-08-06 23:32:45,BTCUSDT,ask,57200,567.242
2024-08-06 23:32:46,BTCUSDT,ask,57000,763.242
2024-08-06 23:32:46,BTCUSDT,ask,57000,763.178
2024-08-06 23:32:47,BTCUSDT,ask,57200,567.741
2024-08-06 23:32:47,BTCUSDT,ask,57000,763.203
2024-08-06 23:32:49,BTCUSDT,ask,57000,763.222
2024-08-06 23:32:55,BTCUSDT,ask,57200,567.843
2024-08-06 23:32:57,BTCUSDT,ask,56800,536.445
2024-08-06 23:32:59,BTCUSDT,ask,56800,536.085
2024-08-06 23:33:04,BTCUSDT,ask,57000,763.258
2024-08-06 23:33:04,BTCUSDT,ask,57000,763.846
2024-08-06 23:33:06,BTCUSDT,ask,57000,762.048
2024-08-06 23:33:08,BTCUSDT,ask,56900,538.48
2024-08-06 23:33:11,BTCUSDT,ask,57000,762.018
2024-08-06 23:33:15,BTCUSDT,ask,57000,762.219
2024-08-06 23:33:18,BTCUSDT,ask,57000,762.044
2024-08-06 23:33:19,BTCUSDT,ask,57000,762.094
2024-08-06 23:33:20,BTCUSDT,ask,56900,538.478
2024-08-06 23:33:31,BTCUSDT,ask,57200,568.03
2024-08-06 23:33:44,BTCUSDT,ask,57000,762.234
2024-08-06 23:33:44,BTCUSDT,ask,57000,761.646
2024-08-06 23:33:46,BTCUSDT,ask,56800,539.519
2024-08-06 23:33:48,BTCUSDT,ask,57000,761.664
2024-08-06 23:33:53,BTCUSDT,ask,56800,539.539
2024-08-06 23:33:53,BTCUSDT,ask,57200,568.055
2024-08-06 23:33:55,BTCUSDT,ask,56900,538.476
2024-08-06 23:33:56,BTCUSDT,ask,57000,761.654
2024-08-06 23:34:00,BTCUSDT,ask,57000,761.63
2024-08-06 23:34:01,BTCUSDT,ask,56800,539.522
2024-08-06 23:34:01,BTCUSDT,ask,57200,568.077
2024-08-06 23:34:05,BTCUSDT,ask,57200,569.029
2024-08-06 23:34:07,BTCUSDT,ask,57200,568.927
2024-08-06 23:34:10,BTCUSDT,ask,56800,539.519
2024-08-06 23:34:15,BTCUSDT,ask,57200,571.176
2024-08-06 23:34:18,BTCUSDT,ask,56900,538.759
2024-08-06 23:34:19,BTCUSDT,ask,57000,761.617
2024-08-06 23:34:20,BTCUSDT,ask,56900,538.935
2024-08-06 23:34:22,BTCUSDT,ask,56900,538.955
2024-08-06 23:34:24,BTCUSDT,ask,56800,539.509
2024-08-06 23:34:28,BTCUSDT,ask,56800,539.526
2024-08-06 23:34:28,BTCUSDT,ask,57200,571.549
2024-08-06 23:34:29,BTCUSDT,ask,57000,761.628
2024-08-06 23:34:31,BTCUSDT,ask,56800,536.092
2024-08-06 23:34:31,BTCUSDT,ask,56800,536.214
2024-08-06 23:34:36,BTCUSDT,ask,56900,538.962
2024-08-06 23:34:36,BTCUSDT,ask,57000,761.63
2024-08-06 23:34:37,BTCUSDT,ask,56800,536.453
2024-08-06 23:34:41,BTCUSDT,ask,57000,761.632
2024-08-06 23:34:41,BTCUSDT,ask,56800,536.417
2024-08-06 23:34:45,BTCUSDT,ask,57000,761.641
2024-08-06 23:34:45,BTCUSDT,ask,56800,536.43
2024-08-06 23:34:47,BTCUSDT,ask,57200,568.56
2024-08-06 23:34:48,BTCUSDT,ask,57200,568.562
2024-08-06 23:34:50,BTCUSDT,ask,56800,536.492
2024-08-06 23:34:51,BTCUSDT,ask,56800,536.527
2024-08-06 23:35:02,BTCUSDT,ask,57000,761.691
2024-08-06 23:35:05,BTCUSDT,ask,56900,538.953
2024-08-06 23:35:06,BTCUSDT,ask,56900,539.076
2024-08-06 23:35:08,BTCUSDT,ask,57000,761.999
2024-08-06 23:35:12,BTCUSDT,ask,57000,761.499
2024-08-06 23:35:13,BTCUSDT,ask,57000,761.495
2024-08-06 23:35:15,BTCUSDT,ask,56900,538.85
2024-08-06 23:35:18,BTCUSDT,ask,56800,535.99
2024-08-06 23:35:20,BTCUSDT,ask,57000,761.5
2024-08-06 23:35:23,BTCUSDT,ask,57000,761.494
2024-08-06 23:35:30,BTCUSDT,ask,57200,568.537
2024-08-06 23:35:33,BTCUSDT,ask,56800,536.122
2024-08-06 23:35:35,BTCUSDT,ask,56800,536.124
2024-08-06 23:35:36,BTCUSDT,ask,57000,761.495
2024-08-06 23:35:37,BTCUSDT,ask,56900,538.852
2024-08-06 23:35:38,BTCUSDT,ask,56800,535.975
2024-08-06 23:35:39,BTCUSDT,ask,56800,535.992
2024-08-06 23:35:43,BTCUSDT,ask,57000,761.5
2024-08-06 23:35:46,BTCUSDT,ask,56800,535.441
2024-08-06 23:35:48,BTCUSDT,ask,57000,761.483
2024-08-06 23:35:48,BTCUSDT,ask,57000,761.51
2024-08-06 23:35:53,BTCUSDT,ask,57000,761.519
2024-08-06 23:35:56,BTCUSDT,ask,56800,536.035
2024-08-06 23:35:57,BTCUSDT,ask,56900,538.858
2024-08-06 23:35:59,BTCUSDT,ask,57000,761.437
2024-08-06 23:36:00,BTCUSDT,ask,57000,761.41
2024-08-06 23:36:02,BTCUSDT,ask,56800,536.105
2024-08-06 23:36:12,BTCUSDT,ask,57200,568.624
2024-08-06 23:36:13,BTCUSDT,bid,47000,877.258
2024-08-06 23:36:17,BTCUSDT,ask,57000,761.388
2024-08-06 23:36:19,BTCUSDT,ask,56900,538.683
2024-08-06 23:36:19,BTCUSDT,ask,57000,761.39
2024-08-06 23:36:20,BTCUSDT,bid,47000,877.261
2024-08-06 23:36:21,BTCUSDT,ask,57000,761.417
2024-08-06 23:36:26,BTCUSDT,ask,56800,536.131
2024-08-06 23:36:28,BTCUSDT,ask,56800,536.129
2024-08-06 23:36:31,BTCUSDT,ask,57200,568.99
2024-08-06 23:36:37,BTCUSDT,ask,56900,537.666
2024-08-06 23:36:44,BTCUSDT,ask,57200,569.99
2024-08-06 23:36:45,BTCUSDT,ask,56900,537.64
2024-08-06 23:36:53,BTCUSDT,ask,57000,761.352
2024-08-06 23:36:55,BTCUSDT,ask,57000,761.327
2024-08-06 23:37:00,BTCUSDT,ask,57200,570.24
2024-08-06 23:37:43,BTCUSDT,ask,56900,537.466
2024-08-06 23:37:49,BTCUSDT,ask,57000,761.201
2024-08-06 23:37:56,BTCUSDT,ask,57000,761.288
2024-08-06 23:37:56,BTCUSDT,ask,57200,570.153
2024-08-06 23:37:57,BTCUSDT,ask,56900,537.546
2024-08-06 23:37:58,BTCUSDT,ask,57000,762.288
2024-08-06 23:37:58,BTCUSDT,ask,56800,536.385
2024-08-06 23:38:06,BTCUSDT,ask,56900,537.446
2024-08-06 23:38:18,BTCUSDT,ask,56800,536.377
2024-08-06 23:38:20,BTCUSDT,ask,57000,761.973
2024-08-06 23:38:32,BTCUSDT,ask,57200,569.903
2024-08-06 23:38:37,BTCUSDT,ask,57000,761.993
2024-08-06 23:38:41,BTCUSDT,ask,56900,537.546
2024-08-06 23:38:43,BTCUSDT,ask,56900,537.446
2024-08-06 23:38:49,BTCUSDT,ask,56900,537.451
2024-08-06 23:38:58,BTCUSDT,ask,57200,570.141
2024-08-06 23:39:03,BTCUSDT,ask,56900,536.825
2024-08-06 23:39:07,BTCUSDT,ask,56800,536.151
2024-08-06 23:39:07,BTCUSDT,ask,56900,536.808
2024-08-06 23:39:07,BTCUSDT,ask,57000,761.967
2024-08-06 23:39:07,BTCUSDT,ask,57200,570.129
2024-08-06 23:39:08,BTCUSDT,ask,57200,570.244
2024-08-06 23:39:12,BTCUSDT,ask,57200,570.331
2024-08-06 23:39:16,BTCUSDT,ask,56800,536.143
2024-08-06 23:39:16,BTCUSDT,ask,57000,761.962
2024-08-06 23:39:20,BTCUSDT,ask,56800,536.108
2024-08-06 23:39:20,BTCUSDT,ask,57000,761.893
2024-08-06 23:39:23,BTCUSDT,ask,56900,536.71
2024-08-06 23:39:26,BTCUSDT,ask,57000,758.559
2024-08-06 23:39:31,BTCUSDT,ask,56800,536.085
2024-08-06 23:39:35,BTCUSDT,ask,57200,566.022
2024-08-06 23:39:42,BTCUSDT,ask,57200,566.045
2024-08-06 23:39:46,BTCUSDT,ask,56800,536.333
2024-08-06 23:39:53,BTCUSDT,ask,57200,566.06
2024-08-06 23:39:55,BTCUSDT,ask,56800,536.335
2024-08-06 23:39:58,BTCUSDT,ask,56900,536.81
2024-08-06 23:40:03,BTCUSDT,ask,57000,759.234
2024-08-06 23:40:08,BTCUSDT,ask,57000,759.239
2024-08-06 23:40:11,BTCUSDT,ask,57000,758.985
2024-08-06 23:40:19,BTCUSDT,ask,56800,536.326
2024-08-06 23:40:21,BTCUSDT,ask,56900,536.822
2024-08-06 23:40:24,BTCUSDT,ask,57000,758.994
2024-08-06 23:40:26,BTCUSDT,ask,56800,536.346
2024-08-06 23:40:27,BTCUSDT,ask,57200,566.052
2024-08-06 23:40:30,BTCUSDT,ask,56900,536.824
2024-08-06 23:40:30,BTCUSDT,ask,57000,759.533
2024-08-06 23:40:30,BTCUSDT,ask,57200,566.095
2024-08-06 23:40:30,BTCUSDT,ask,56900,536.812
2024-08-06 23:40:31,BTCUSDT,ask,56800,536.548
2024-08-06 23:40:32,BTCUSDT,ask,56800,536.546
2024-08-06 23:40:32,BTCUSDT,ask,56900,536.872
2024-08-06 23:40:32,BTCUSDT,ask,57000,759.543
2024-08-06 23:40:35,BTCUSDT,ask,56800,536.493
2024-08-06 23:40:35,BTCUSDT,ask,56900,536.749
2024-08-06 23:40:36,BTCUSDT,ask,56900,536.747
2024-08-06 23:40:36,BTCUSDT,ask,57000,759.61
2024-08-06 23:40:49,BTCUSDT,ask,56800,536.516
2024-08-06 23:40:49,BTCUSDT,ask,57200,567.457
2024-08-06 23:40:51,BTCUSDT,ask,56800,536.592
2024-08-06 23:40:52,BTCUSDT,ask,57000,759.72
2024-08-06 23:40:57,BTCUSDT,ask,57000,759.73
2024-08-06 23:41:04,BTCUSDT,ask,56800,536.519
2024-08-06 23:41:08,BTCUSDT,ask,56800,537.519
2024-08-06 23:41:16,BTCUSDT,ask,57200,567.48
2024-08-06 23:41:17,BTCUSDT,ask,57000,757.914
2024-08-06 23:41:22,BTCUSDT,ask,57000,757.941
2024-08-06 23:41:22,BTCUSDT,ask,57200,567.419
2024-08-06 23:41:23,BTCUSDT,ask,56800,546.501
2024-08-06 23:41:26,BTCUSDT,ask,57000,758.258
2024-08-06 23:41:27,BTCUSDT,ask,57000,758.278
2024-08-06 23:41:29,BTCUSDT,ask,56900,536.897
2024-08-06 23:41:32,BTCUSDT,ask,56800,537.457
2024-08-06 23:41:34,BTCUSDT,ask,56900,537.828
2024-08-06 23:41:35,BTCUSDT,ask,56900,537.728
2024-08-06 23:41:41,BTCUSDT,ask,56800,536.459
2024-08-06 23:41:42,BTCUSDT,ask,57000,758.597
2024-08-06 23:41:43,BTCUSDT,ask,57000,758.947
2024-08-06 23:41:45,BTCUSDT,ask,56900,537.69
2024-08-06 23:41:45,BTCUSDT,ask,57200,567.412
2024-08-06 23:41:46,BTCUSDT,ask,57000,758.985
2024-08-06 23:41:49,BTCUSDT,ask,56800,536.459
2024-08-06 23:41:54,BTCUSDT,ask,56900,537.7
2024-08-06 23:41:58,BTCUSDT,ask,56800,534.732
2024-08-06 23:41:58,BTCUSDT,ask,56800,536.128
2024-08-06 23:41:59,BTCUSDT,ask,57000,759.014
2024-08-06 23:42:00,BTCUSDT,ask,57000,759.025
2024-08-06 23:42:04,BTCUSDT,ask,57200,567.612
2024-08-06 23:42:10,BTCUSDT,ask,57000,757.445
2024-08-06 23:42:10,BTCUSDT,ask,56800,537.128
2024-08-06 23:42:18,BTCUSDT,ask,57000,757.41
2024-08-06 23:42:21,BTCUSDT,ask,57200,568.021
2024-08-06 23:42:22,BTCUSDT,ask,56800,537.292
2024-08-06 23:42:24,BTCUSDT,ask,57200,568.029
2024-08-06 23:42:31,BTCUSDT,ask,57000,767.074
2024-08-06 23:42:34,BTCUSDT,ask,56800,537.432
2024-08-06 23:42:35,BTCUSDT,ask,57000,767.274
2024-08-06 23:42:39,BTCUSDT,ask,57000,765.782
2024-08-06 23:42:43,BTCUSDT,ask,56900,537.766
2024-08-06 23:42:44,BTCUSDT,ask,57200,568.154
2024-08-06 23:42:46,BTCUSDT,ask,57200,567.63
2024-08-06 23:42:49,BTCUSDT,ask,57200,567.64
2024-08-06 23:42:53,BTCUSDT,ask,57200,567.616
2024-08-06 23:42:53,BTCUSDT,ask,57000,767.53
2024-08-06 23:42:57,BTCUSDT,ask,57100,546.925
2024-08-06 23:42:58,BTCUSDT,ask,57000,758.759
2024-08-06 23:42:58,BTCUSDT,ask,57000,758.908
2024-08-06 23:42:59,BTCUSDT,ask,57100,546.929
2024-08-06 23:42:59,BTCUSDT,ask,57000,757.908
2024-08-06 23:42:59,BTCUSDT,ask,56800,537.474
2024-08-06 23:43:00,BTCUSDT,ask,57000,757.985
2024-08-06 23:43:02,BTCUSDT,ask,57000,757.979
2024-08-06 23:43:05,BTCUSDT,ask,57000,759.221
2024-08-06 23:43:09,BTCUSDT,ask,56800,537.472
2024-08-06 23:43:11,BTCUSDT,ask,57000,759.229
2024-08-06 23:43:13,BTCUSDT,ask,56900,537.771
2024-08-06 23:43:14,BTCUSDT,ask,57000,759.452
2024-08-06 23:43:15,BTCUSDT,ask,57000,759.482
2024-08-06 23:43:17,BTCUSDT,ask,56900,537.778
2024-08-06 23:43:25,BTCUSDT,ask,57200,557.616
2024-08-06 23:43:27,BTCUSDT,ask,57000,758.26
2024-08-06 23:43:27,BTCUSDT,ask,57200,557.624
2024-08-06 23:43:28,BTCUSDT,ask,56800,537.322
2024-08-06 23:43:30,BTCUSDT,ask,56900,537.749
2024-08-06 23:43:31,BTCUSDT,ask,57000,757.76
2024-08-06 23:43:33,BTCUSDT,ask,57000,758.754
2024-08-06 23:43:40,BTCUSDT,ask,57200,557.852
2024-08-06 23:43:43,BTCUSDT,ask,56800,537.322
2024-08-06 23:43:43,BTCUSDT,ask,56800,537.272
2024-08-06 23:43:47,BTCUSDT,ask,57200,557.869
2024-08-06 23:43:50,BTCUSDT,ask,57000,758.679
2024-08-06 23:43:53,BTCUSDT,ask,57000,758.697
2024-08-06 23:43:55,BTCUSDT,ask,57000,759.224
2024-08-06 23:43:56,BTCUSDT,ask,56900,537.694
2024-08-06 23:43:59,BTCUSDT,ask,56800,537.272
2024-08-06 23:44:01,BTCUSDT,ask,56800,537.274
2024-08-06 23:44:03,BTCUSDT,ask,57000,760.039
2024-08-06 23:44:04,BTCUSDT,ask,56900,537.674
2024-08-06 23:44:06,BTCUSDT,ask,57000,760.055
2024-08-06 23:44:06,BTCUSDT,ask,57200,557.847
2024-08-06 23:44:08,BTCUSDT,ask,57200,557.347
2024-08-06 23:44:09,BTCUSDT,ask,56900,538.4
2024-08-06 23:44:14,BTCUSDT,ask,57000,760.105
2024-08-06 23:44:14,BTCUSDT,ask,57200,581.347
2024-08-06 23:44:15,BTCUSDT,ask,57200,581.381
2024-08-06 23:44:17,BTCUSDT,ask,57200,581.396
2024-08-06 23:44:18,BTCUSDT,ask,57200,581.398
2024-08-06 23:44:20,BTCUSDT,ask,56800,537.77
2024-08-06 23:44:26,BTCUSDT,ask,56800,536.893
2024-08-06 23:44:31,BTCUSDT,ask,56800,536.717
2024-08-06 23:44:32,BTCUSDT,ask,57000,759.742
2024-08-06 23:44:34,BTCUSDT,ask,56900,538.39
2024-08-06 23:44:35,BTCUSDT,ask,56900,537.664
2024-08-06 23:44:53,BTCUSDT,ask,57200,581.388
2024-08-06 23:44:55,BTCUSDT,ask,56900,537.914
2024-08-06 23:45:01,BTCUSDT,ask,56900,537.916
2024-08-06 23:45:02,BTCUSDT,ask,56800,538.917
2024-08-06 23:45:12,BTCUSDT,ask,56900,538.116
2024-08-06 23:45:12,BTCUSDT,ask,57000,760.288
2024-08-06 23:45:13,BTCUSDT,ask,56900,538.113
2024-08-06 23:45:15,BTCUSDT,ask,56800,538.914
2024-08-06 23:45:16,BTCUSDT,ask,57000,760.279
2024-08-06 23:45:21,BTCUSDT,ask,56800,538.917
2024-08-06 23:45:27,BTCUSDT,ask,56800,538.873
2024-08-06 23:45:27,BTCUSDT,ask,57200,581.371
2024-08-06 23:45:28,BTCUSDT,ask,56800,538.87
2024-08-06 23:45:29,BTCUSDT,ask,56800,538.867
2024-08-06 23:45:30,BTCUSDT,ask,57000,760.329
2024-08-06 23:45:38,BTCUSDT,ask,56800,538.977
2024-08-06 23:45:41,BTCUSDT,ask,57000,760.346
2024-08-06 23:45:42,BTCUSDT,ask,56800,538.987
2024-08-06 23:45:43,BTCUSDT,ask,56900,538.782
2024-08-06 23:45:47,BTCUSDT,ask,56900,538.805
2024-08-06 23:45:52,BTCUSDT,ask,57000,762.262
2024-08-06 23:45:54,BTCUSDT,ask,56800,538.914
2024-08-06 23:45:55,BTCUSDT,ask,57000,762.255
2024-08-06 23:45:56,BTCUSDT,ask,56800,538.912
2024-08-06 23:45:57,BTCUSDT,ask,57000,762.254
2024-08-06 23:45:57,BTCUSDT,ask,57200,581.321
2024-08-06 23:45:58,BTCUSDT,ask,56800,538.944
2024-08-06 23:45:58,BTCUSDT,ask,57000,762.155
2024-08-06 23:46:00,BTCUSDT,ask,56800,538.952
2024-08-06 23:46:02,BTCUSDT,ask,56900,538.803
2024-08-06 23:46:07,BTCUSDT,ask,57000,762.243
2024-08-06 23:46:07,BTCUSDT,ask,57000,761.805
2024-08-06 23:46:07,BTCUSDT,ask,56900,538.341
2024-08-06 23:46:09,BTCUSDT,ask,56900,538.164
2024-08-06 23:46:10,BTCUSDT,ask,56800,538.946
2024-08-06 23:46:12,BTCUSDT,ask,57000,761.9
2024-08-06 23:46:12,BTCUSDT,ask,56800,538.952
2024-08-06 23:46:12,BTCUSDT,ask,57000,761.89
2024-08-06 23:46:20,BTCUSDT,ask,57000,750.883
2024-08-06 23:46:21,BTCUSDT,ask,56900,538.172
2024-08-06 23:46:21,BTCUSDT,ask,57200,581.331
2024-08-06 23:46:26,BTCUSDT,ask,57000,750.875
2024-08-06 23:46:26,BTCUSDT,ask,56900,538.18
2024-08-06 23:46:28,BTCUSDT,ask,56900,538.217
2024-08-06 23:46:28,BTCUSDT,ask,56800,538.975
2024-08-06 23:46:32,BTCUSDT,ask,57000,750.855
2024-08-06 23:46:35,BTCUSDT,ask,57000,758.247
2024-08-06 23:46:38,BTCUSDT,ask,56800,538.859
2024-08-06 23:46:39,BTCUSDT,ask,57000,758.294
2024-08-06 23:46:40,BTCUSDT,ask,56800,538.872
2024-08-06 23:46:43,BTCUSDT,ask,57000,758.286
2024-08-06 23:46:44,BTCUSDT,ask,57200,581.316
2024-08-06 23:46:48,BTCUSDT,ask,56900,538.386
2024-08-06 23:46:49,BTCUSDT,ask,56800,538.98
2024-08-06 23:46:50,BTCUSDT,ask,57000,758.407
2024-08-06 23:46:50,BTCUSDT,ask,56800,539.015
2024-08-06 23:46:50,BTCUSDT,ask,57000,758.239
2024-08-06 23:46:52,BTCUSDT,ask,57000,758.064
2024-08-06 23:46:54,BTCUSDT,ask,56800,538.911
2024-08-06 23:46:56,BTCUSDT,ask,56800,538.916
2024-08-06 23:46:57,BTCUSDT,ask,57000,758.16
2024-08-06 23:46:58,BTCUSDT,ask,57000,758.174
2024-08-06 23:46:59,BTCUSDT,ask,56800,538.706
2024-08-06 23:46:59,BTCUSDT,ask,57200,581.136
2024-08-06 23:47:01,BTCUSDT,ask,57000,758.424
2024-08-06 23:47:02,BTCUSDT,ask,57000,758.491
2024-08-06 23:47:02,BTCUSDT,ask,57000,758.494
2024-08-06 23:47:04,BTCUSDT,ask,56800,538.704
2024-08-06 23:47:04,BTCUSDT,ask,57200,581.134
2024-08-06 23:47:06,BTCUSDT,ask,57200,581.152
2024-08-06 23:47:09,BTCUSDT,ask,56900,538.39
2024-08-06 23:47:12,BTCUSDT,ask,57000,757.583
2024-08-06 23:47:12,BTCUSDT,ask,56800,538.757
2024-08-06 23:47:14,BTCUSDT,ask,57200,581.142
2024-08-06 23:47:15,BTCUSDT,ask,56800,538.863
2024-08-06 23:47:16,BTCUSDT,ask,56800,538.769
2024-08-06 23:47:16,BTCUSDT,ask,56900,538.388
2024-08-06 23:47:17,BTCUSDT,ask,57200,581.133
2024-08-06 23:47:18,BTCUSDT,ask,56900,538.388
2024-08-06 23:47:20,BTCUSDT,ask,57000,754.997
2024-08-06 23:47:20,BTCUSDT,ask,57000,754.863
2024-08-06 23:47:21,BTCUSDT,ask,57000,754.846
2024-08-06 23:47:21,BTCUSDT,ask,57000,755.196
2024-08-06 23:47:23,BTCUSDT,ask,57000,755.192
2024-08-06 23:47:25,BTCUSDT,ask,57000,755.197
2024-08-06 23:47:27,BTCUSDT,ask,56800,538.889
2024-08-06 23:47:28,BTCUSDT,ask,56900,538.345
2024-08-06 23:47:28,BTCUSDT,ask,57200,582.154
2024-08-06 23:47:29,BTCUSDT,ask,56900,538.343
2024-08-06 23:47:29,BTCUSDT,ask,57000,755.221
2024-08-06 23:47:30,BTCUSDT,ask,56800,538.887
2024-08-06 23:47:31,BTCUSDT,ask,57000,755.258
2024-08-06 23:47:31,BTCUSDT,ask,57200,581.163
2024-08-06 23:47:32,BTCUSDT,ask,57000,755.248
2024-08-06 23:47:34,BTCUSDT,ask,56800,538.966
2024-08-06 23:47:37,BTCUSDT,ask,57200,581.201
2024-08-06 23:47:38,BTCUSDT,ask,57000,755.345
2024-08-06 23:47:39,BTCUSDT,ask,57000,756.345
2024-08-06 23:47:42,BTCUSDT,ask,57000,756.245
2024-08-06 23:47:45,BTCUSDT,ask,56900,538.343
2024-08-06 23:47:45,BTCUSDT,ask,57000,756.321
2024-08-06 23:47:46,BTCUSDT,ask,57000,756.329
2024-08-06 23:47:46,BTCUSDT,ask,56800,539.036
2024-08-06 23:47:47,BTCUSDT,ask,56900,538.345
2024-08-06 23:47:47,BTCUSDT,ask,57200,581.192
2024-08-06 23:47:51,BTCUSDT,ask,56800,539.0
2024-08-06 23:47:52,BTCUSDT,ask,57000,756.389
2024-08-06 23:47:52,BTCUSDT,ask,57000,756.384
2024-08-06 23:47:52,BTCUSDT,ask,56800,539.005
2024-08-06 23:47:54,BTCUSDT,ask,56900,538.374
2024-08-06 23:47:56,BTCUSDT,ask,56800,538.901
2024-08-06 23:47:56,BTCUSDT,ask,56800,538.937
2024-08-06 23:47:59,BTCUSDT,ask,57200,581.213
2024-08-06 23:47:59,BTCUSDT,ask,57200,581.659
2024-08-06 23:51:09,BTCUSDT,ask,56900,558.017
2024-08-06 23:51:11,BTCUSDT,ask,57000,758.494
2024-08-06 23:51:11,BTCUSDT,ask,57000,758.504
2024-08-06 23:51:13,BTCUSDT,ask,57000,758.452
2024-08-06 23:51:16,BTCUSDT,ask,56800,541.61
2024-08-06 23:51:16,BTCUSDT,ask,56800,541.673
2024-08-06 23:51:17,BTCUSDT,ask,56800,541.603
2024-08-06 23:51:18,BTCUSDT,ask,56800,541.635
2024-08-06 23:51:20,BTCUSDT,ask,56800,541.638
2024-08-06 23:51:20,BTCUSDT,ask,57200,582.167
2024-08-06 23:51:23,BTCUSDT,ask,57000,757.946
2024-08-06 23:51:24,BTCUSDT,ask,56800,541.627
2024-08-06 23:51:27,BTCUSDT,ask,56900,558.141
2024-08-06 23:51:28,BTCUSDT,ask,56900,558.141
2024-08-06 23:51:28,BTCUSDT,ask,56900,558.123
2024-08-06 23:51:28,BTCUSDT,ask,56900,558.141
2024-08-06 23:51:29,BTCUSDT,ask,56900,558.146
2024-08-06 23:51:29,BTCUSDT,ask,57000,758.094
2024-08-06 23:51:30,BTCUSDT,ask,56900,558.126
2024-08-06 23:51:32,BTCUSDT,ask,56800,541.826
2024-08-06 23:51:32,BTCUSDT,ask,56800,541.836
2024-08-06 23:51:34,BTCUSDT,ask,56800,541.844
2024-08-06 23:51:34,BTCUSDT,ask,56800,541.644
2024-08-06 23:51:35,BTCUSDT,ask,56900,558.001
2024-08-06 23:51:36,BTCUSDT,ask,57000,757.908
2024-08-06 23:51:37,BTCUSDT,ask,57000,757.913
2024-08-06 23:51:38,BTCUSDT,ask,56800,541.481
2024-08-06 23:51:39,BTCUSDT,ask,56800,541.513
2024-08-06 23:51:39,BTCUSDT,bid,47300,808.859
2024-08-06 23:51:41,BTCUSDT,ask,57000,757.909
2024-08-06 23:51:41,BTCUSDT,bid,47300,808.855
2024-08-06 23:51:41,BTCUSDT,ask,57200,587.381
2024-08-06 23:51:42,BTCUSDT,bid,47000,877.26
2024-08-06 23:51:43,BTCUSDT,ask,57200,587.331
2024-08-06 23:51:45,BTCUSDT,ask,57000,757.832
2024-08-06 23:51:46,BTCUSDT,ask,57000,757.804
2024-08-06 23:51:47,BTCUSDT,ask,57000,757.806
2024-08-06 23:51:47,BTCUSDT,ask,57000,757.834
2024-08-06 23:51:51,BTCUSDT,ask,56800,541.393
2024-08-06 23:51:54,BTCUSDT,ask,57200,587.336
2024-08-06 23:51:54,BTCUSDT,ask,57000,757.841
2024-08-06 23:51:54,BTCUSDT,ask,56800,541.357
2024-08-06 23:51:54,BTCUSDT,ask,56800,541.342
2024-08-06 23:51:56,BTCUSDT,bid,47500,635.769
2024-08-06 23:51:57,BTCUSDT,ask,57000,757.791
2024-08-06 23:51:59,BTCUSDT,ask,57200,563.336
2024-08-06 23:52:07,BTCUSDT,ask,57000,757.813
2024-08-06 23:52:08,BTCUSDT,ask,57200,563.575
2024-08-06 23:52:08,BTCUSDT,ask,56800,539.994
2024-08-06 23:52:10,BTCUSDT,ask,57000,757.811
2024-08-06 23:52:12,BTCUSDT,ask,57000,757.911
2024-08-06 23:52:12,BTCUSDT,ask,56800,539.87
2024-08-06 23:52:12,BTCUSDT,bid,47000,876.986
2024-08-06 23:52:14,BTCUSDT,ask,57200,563.569
2024-08-06 23:52:14,BTCUSDT,ask,57000,758.026
2024-08-06 23:52:19,BTCUSDT,ask,57000,758.04
2024-08-06 23:52:21,BTCUSDT,ask,57000,758.011
2024-08-06 23:52:22,BTCUSDT,ask,56900,557.121
2024-08-06 23:52:24,BTCUSDT,ask,56900,557.116
2024-08-06 23:52:24,BTCUSDT,ask,56800,539.712
2024-08-06 23:52:26,BTCUSDT,bid,47500,635.772
2024-08-06 23:52:26,BTCUSDT,ask,57200,563.769
2024-08-06 23:52:35,BTCUSDT,ask,57000,757.899
2024-08-06 23:52:35,BTCUSDT,ask,56800,540.107
2024-08-06 23:52:39,BTCUSDT,ask,56900,557.121
2024-08-06 23:52:39,BTCUSDT,ask,57200,563.772
2024-08-06 23:52:40,BTCUSDT,ask,57200,563.792
2024-08-06 23:52:46,BTCUSDT,ask,57000,756.145
2024-08-06 23:52:46,BTCUSDT,bid,47000,877.26
2024-08-06 23:52:48,BTCUSDT,ask,56800,540.082
2024-08-06 23:52:51,BTCUSDT,ask,57000,756.195
2024-08-06 23:52:52,BTCUSDT,ask,56800,539.475
2024-08-06 23:52:54,BTCUSDT,ask,57000,756.211
2024-08-06 23:52:54,BTCUSDT,ask,56900,557.023
2024-08-06 23:52:55,BTCUSDT,ask,56800,539.487
2024-08-06 23:52:57,BTCUSDT,ask,56800,539.987
2024-08-06 23:52:58,BTCUSDT,ask,57000,756.235
2024-08-06 23:53:00,BTCUSDT,ask,56800,540.088
2024-08-06 23:53:00,BTCUSDT,ask,57000,756.1
2024-08-06 23:53:02,BTCUSDT,ask,56900,557.039
2024-08-06 23:53:03,BTCUSDT,ask,56800,539.602
2024-08-06 23:53:06,BTCUSDT,ask,57200,563.943
2024-08-06 23:53:06,BTCUSDT,ask,56800,540.034
2024-08-06 23:53:07,BTCUSDT,ask,57200,564.077
2024-08-06 23:53:07,BTCUSDT,ask,56800,541.609
2024-08-06 23:53:09,BTCUSDT,ask,57200,564.067
2024-08-06 23:53:10,BTCUSDT,ask,56800,541.604
2024-08-06 23:53:15,BTCUSDT,ask,56800,541.604
2024-08-06 23:53:15,BTCUSDT,ask,56800,541.604
2024-08-06 23:53:15,BTCUSDT,ask,56800,541.604
2024-08-06 23:53:15,BTCUSDT,ask,56900,557.329
2024-08-06 23:53:15,BTCUSDT,ask,56900,557.206
2024-08-06 23:53:15,BTCUSDT,ask,57000,758.735
2024-08-06 23:53:15,BTCUSDT,ask,56800,541.68
2024-08-06 23:53:15,BTCUSDT,ask,56800,541.692
2024-08-06 23:53:15,BTCUSDT,ask,56800,541.68
2024-08-06 23:53:16,BTCUSDT,ask,56800,541.692
2024-08-06 23:53:16,BTCUSDT,ask,56800,541.854
2024-08-06 23:53:19,BTCUSDT,ask,57200,564.089
2024-08-06 23:53:25,BTCUSDT,ask,57200,564.089
2024-08-06 23:53:31,BTCUSDT,bid,47000,876.986
2024-08-06 23:53:31,BTCUSDT,ask,57000,758.681
2024-08-06 23:53:35,BTCUSDT,ask,57200,564.077
2024-08-06 23:53:35,BTCUSDT,ask,57000,758.698
2024-08-06 23:53:36,BTCUSDT,ask,57000,758.714
2024-08-06 23:53:38,BTCUSDT,ask,57000,758.764
2024-08-06 23:53:38,BTCUSDT,ask,57000,758.726
2024-08-06 23:53:39,BTCUSDT,ask,57000,758.726
2024-08-06 23:53:39,BTCUSDT,ask,56900,556.812
2024-08-06 23:53:45,BTCUSDT,ask,56900,556.986
2024-08-06 23:53:45,BTCUSDT,ask,57000,758.783
2024-08-06 23:53:45,BTCUSDT,ask,56900,557.864
2024-08-06 23:53:45,BTCUSDT,ask,57000,758.649
2024-08-06 23:53:48,BTCUSDT,ask,56900,557.041
2024-08-06 23:53:49,BTCUSDT,ask,56900,556.991
2024-08-06 23:53:49,BTCUSDT,bid,47000,877.006
2024-08-06 23:53:49,BTCUSDT,ask,57000,759.674
2024-08-06 23:53:49,BTCUSDT,ask,57000,758.474
2024-08-06 23:53:49,BTCUSDT,ask,57000,758.567
2024-08-06 23:53:49,BTCUSDT,ask,57200,563.9
2024-08-06 23:53:51,BTCUSDT,ask,57000,758.568
2024-08-06 23:53:52,BTCUSDT,ask,57000,758.564
2024-08-06 23:53:52,BTCUSDT,ask,57000,758.124
2024-08-06 23:53:55,BTCUSDT,ask,56900,557.044
2024-08-06 23:53:56,BTCUSDT,bid,47000,877.202
2024-08-06 23:53:56,BTCUSDT,ask,56900,557.047
2024-08-06 23:53:59,BTCUSDT,ask,57200,563.902
2024-08-06 23:53:59,BTCUSDT,ask,57000,761.635
2024-08-06 23:53:59,BTCUSDT,ask,57000,761.652
2024-08-06 23:53:59,BTCUSDT,ask,57000,758.144
2024-08-06 23:53:59,BTCUSDT,ask,57000,761.652
2024-08-06 23:54:02,BTCUSDT,ask,57000,759.144
2024-08-06 23:54:02,BTCUSDT,ask,57000,759.174
2024-08-06 23:54:02,BTCUSDT,ask,57000,759.184
2024-08-06 23:54:03,BTCUSDT,ask,57000,759.183
2024-08-06 23:54:05,BTCUSDT,ask,56900,557.152
2024-08-06 23:54:05,BTCUSDT,ask,57200,564.388
2024-08-06 23:54:06,BTCUSDT,ask,56900,557.202
2024-08-06 23:54:08,BTCUSDT,ask,57200,564.382
2024-08-06 23:54:12,BTCUSDT,bid,47000,877.261
2024-08-06 23:54:13,BTCUSDT,ask,57000,758.898
2024-08-06 23:54:13,BTCUSDT,ask,56900,557.446
2024-08-06 23:54:16,BTCUSDT,ask,57000,758.9
2024-08-06 23:54:17,BTCUSDT,ask,57000,761.918
2024-08-06 23:54:20,BTCUSDT,ask,57000,758.894
2024-08-06 23:54:20,BTCUSDT,ask,57200,564.582
2024-08-06 23:54:20,BTCUSDT,ask,56900,557.133
2024-08-06 23:54:20,BTCUSDT,ask,57000,758.894
2024-08-06 23:54:20,BTCUSDT,bid,47000,877.246
2024-08-06 23:54:20,BTCUSDT,ask,57000,759.057
2024-08-06 23:54:21,BTCUSDT,ask,57000,759.076
2024-08-06 23:54:21,BTCUSDT,ask,56900,557.116
2024-08-06 23:54:21,BTCUSDT,ask,57000,761.645
2024-08-06 23:54:21,BTCUSDT,ask,57000,759.076
2024-08-06 23:54:27,BTCUSDT,ask,57200,564.21
2024-08-06 23:54:27,BTCUSDT,ask,56900,557.364
2024-08-06 23:54:27,BTCUSDT,ask,56900,557.118
2024-08-06 23:54:27,BTCUSDT,ask,56900,557.12
2024-08-06 23:54:27,BTCUSDT,ask,57000,759.079
2024-08-06 23:54:28,BTCUSDT,ask,56900,557.12
2024-08-06 23:54:28,BTCUSDT,ask,57000,759.015
2024-08-06 23:54:30,BTCUSDT,ask,56900,557.157
2024-08-06 23:54:30,BTCUSDT,ask,56900,557.165
2024-08-06 23:54:30,BTCUSDT,ask,56900,557.228
2024-08-06 23:54:31,BTCUSDT,ask,57000,759.989
2024-08-06 23:54:31,BTCUSDT,ask,56900,557.231
2024-08-06 23:54:31,BTCUSDT,ask,56900,557.248
2024-08-06 23:54:31,BTCUSDT,ask,57000,759.929
2024-08-06 23:54:31,BTCUSDT,ask,57100,533.39
2024-08-06 23:54:31,BTCUSDT,ask,56900,557.249
2024-08-06 23:54:34,BTCUSDT,ask,57000,759.951
2024-08-06 23:54:34,BTCUSDT,ask,57000,759.891
2024-08-06 23:54:34,BTCUSDT,ask,57100,533.409
2024-08-06 23:54:34,BTCUSDT,ask,57000,759.894
2024-08-06 23:54:34,BTCUSDT,ask,57000,759.929
2024-08-06 23:54:34,BTCUSDT,ask,56900,557.246
2024-08-06 23:54:34,BTCUSDT,ask,57200,564.377
2024-08-06 23:54:34,BTCUSDT,ask,57000,760.104
2024-08-06 23:54:35,BTCUSDT,ask,57000,760.083
2024-08-06 23:54:35,BTCUSDT,ask,57100,532.709
2024-08-06 23:54:35,BTCUSDT,ask,57000,760.091
2024-08-06 23:54:37,BTCUSDT,ask,56900,557.244
2024-08-06 23:54:37,BTCUSDT,ask,57000,760.093
2024-08-06 23:54:38,BTCUSDT,ask,56900,557.392
2024-08-06 23:54:38,BTCUSDT,ask,57200,564.795
2024-08-06 23:54:38,BTCUSDT,ask,57200,566.01
2024-08-06 23:54:41,BTCUSDT,ask,56900,557.401
2024-08-06 23:54:41,BTCUSDT,ask,57000,759.613
2024-08-06 23:54:41,BTCUSDT,ask,57000,759.615
2024-08-06 23:54:41,BTCUSDT,ask,56900,558.024
2024-08-06 23:54:44,BTCUSDT,ask,57000,760.029
2024-08-06 23:54:44,BTCUSDT,ask,57100,532.6
2024-08-06 23:54:44,BTCUSDT,ask,57000,760.003
2024-08-06 23:54:44,BTCUSDT,ask,56900,557.933
2024-08-06 23:54:44,BTCUSDT,ask,57100,532.593
2024-08-06 23:54:44,BTCUSDT,ask,57000,760.0
2024-08-06 23:54:44,BTCUSDT,ask,57200,564.633
2024-08-06 23:54:45,BTCUSDT,ask,56900,557.94
2024-08-06 23:54:45,BTCUSDT,ask,57200,564.66
2024-08-06 23:54:45,BTCUSDT,ask,56900,557.957
2024-08-06 23:54:48,BTCUSDT,ask,57000,759.978
2024-08-06 23:54:48,BTCUSDT,ask,57100,532.604
2024-08-06 23:54:48,BTCUSDT,ask,56900,558.055
2024-08-06 23:54:48,BTCUSDT,ask,57200,564.662
2024-08-06 23:54:48,BTCUSDT,ask,56900,558.01
2024-08-06 23:54:49,BTCUSDT,ask,56900,558.045
2024-08-06 23:54:49,BTCUSDT,ask,56900,558.132
2024-08-06 23:54:51,BTCUSDT,ask,57000,762.58
2024-08-06 23:54:51,BTCUSDT,ask,57000,759.978
2024-08-06 23:54:51,BTCUSDT,ask,56900,557.958
2024-08-06 23:54:51,BTCUSDT,ask,57000,760.043
2024-08-06 23:54:51,BTCUSDT,ask,56900,557.99
2024-08-06 23:54:51,BTCUSDT,ask,57000,760.027
2024-08-06 23:54:51,BTCUSDT,ask,57100,532.621
2024-08-06 23:54:51,BTCUSDT,ask,56900,558.01
2024-08-06 23:54:51,BTCUSDT,ask,57000,760.006
2024-08-06 23:54:51,BTCUSDT,ask,56900,558.08
2024-08-06 23:54:52,BTCUSDT,ask,57100,532.624
2024-08-06 23:54:52,BTCUSDT,ask,57200,564.341
2024-08-06 23:54:52,BTCUSDT,ask,56900,558.078
2024-08-06 23:54:52,BTCUSDT,ask,56900,558.073
2024-08-06 23:54:52,BTCUSDT,ask,56900,558.078
2024-08-06 23:54:54,BTCUSDT,ask,57100,533.061
2024-08-06 23:54:55,BTCUSDT,ask,57200,565.04
2024-08-06 23:54:55,BTCUSDT,ask,57000,760.018
2024-08-06 23:54:55,BTCUSDT,ask,57000,764.714
2024-08-06 23:54:55,BTCUSDT,ask,57200,565.094
2024-08-06 23:54:58,BTCUSDT,ask,57000,764.75
2024-08-06 23:54:58,BTCUSDT,ask,56900,558.081
2024-08-06 23:54:58,BTCUSDT,ask,57100,533.061
2024-08-06 23:54:58,BTCUSDT,ask,57200,567.565
2024-08-06 23:54:58,BTCUSDT,ask,57000,764.85
2024-08-06 23:54:59,BTCUSDT,ask,57000,767.66
2024-08-06 23:55:01,BTCUSDT,ask,56900,558.084
2024-08-06 23:55:01,BTCUSDT,ask,57000,767.678
2024-08-06 23:55:01,BTCUSDT,ask,57000,767.694
2024-08-06 23:55:01,BTCUSDT,ask,57000,764.884
2024-08-06 23:55:01,BTCUSDT,ask,57000,764.881
2024-08-06 23:55:02,BTCUSDT,ask,57000,764.881
2024-08-06 23:55:04,BTCUSDT,ask,57000,764.884
2024-08-06 23:55:05,BTCUSDT,ask,57200,567.291
2024-08-06 23:55:05,BTCUSDT,ask,56900,558.1
2024-08-06 23:55:05,BTCUSDT,ask,56900,558.1
2024-08-06 23:55:05,BTCUSDT,ask,57000,764.87
2024-08-06 23:55:06,BTCUSDT,ask,57100,532.755
2024-08-06 23:55:08,BTCUSDT,ask,56900,558.978
2024-08-06 23:55:08,BTCUSDT,ask,57100,532.758
2024-08-06 23:55:08,BTCUSDT,ask,56900,558.978
2024-08-06 23:55:08,BTCUSDT,ask,57000,764.868
2024-08-06 23:55:08,BTCUSDT,ask,57000,767.63
2024-08-06 23:55:08,BTCUSDT,ask,57000,764.868
2024-08-06 23:55:09,BTCUSDT,ask,56900,558.1
2024-08-06 23:55:09,BTCUSDT,ask,57200,567.519
2024-08-06 23:55:09,BTCUSDT,ask,57200,567.163
2024-08-06 23:55:09,BTCUSDT,ask,56900,558.19
2024-08-06 23:55:09,BTCUSDT,ask,57000,764.899
2024-08-06 23:55:11,BTCUSDT,ask,56900,558.385
2024-08-06 23:55:11,BTCUSDT,ask,57000,764.862
2024-08-06 23:55:11,BTCUSDT,ask,57200,567.663
2024-08-06 23:55:11,BTCUSDT,ask,57100,532.848
2024-08-06 23:55:11,BTCUSDT,ask,56900,558.368
2024-08-06 23:55:12,BTCUSDT,ask,57000,764.949
2024-08-06 23:55:12,BTCUSDT,ask,57200,567.636
2024-08-06 23:55:15,BTCUSDT,ask,56900,558.03
2024-08-06 23:55:15,BTCUSDT,ask,57100,532.902
2024-08-06 23:55:15,BTCUSDT,ask,57000,767.044
2024-08-06 23:55:15,BTCUSDT,ask,57000,767.094
2024-08-06 23:55:16,BTCUSDT,ask,57000,767.091
2024-08-06 23:55:16,BTCUSDT,ask,56900,558.049
2024-08-06 23:55:19,BTCUSDT,ask,57000,764.45
2024-08-06 23:55:19,BTCUSDT,ask,56900,558.033
2024-08-06 23:55:19,BTCUSDT,ask,57000,764.55
2024-08-06 23:55:19,BTCUSDT,ask,57200,567.726
2024-08-06 23:55:19,BTCUSDT,ask,57000,767.292
2024-08-06 23:55:20,BTCUSDT,ask,56900,558.036
2024-08-06 23:55:20,BTCUSDT,ask,56900,558.033
2024-08-06 23:55:20,BTCUSDT,ask,57200,567.682
2024-08-06 23:55:22,BTCUSDT,ask,57200,566.983
2024-08-06 23:55:22,BTCUSDT,ask,56900,559.041
2024-08-06 23:55:22,BTCUSDT,ask,57000,767.248
2024-08-06 23:55:23,BTCUSDT,ask,57000,764.6
2024-08-06 23:55:23,BTCUSDT,ask,57000,764.762
2024-08-06 23:55:25,BTCUSDT,ask,57000,767.417
2024-08-06 23:55:26,BTCUSDT,ask,57000,764.812
2024-08-06 23:55:26,BTCUSDT,ask,57100,532.997
2024-08-06 23:55:26,BTCUSDT,ask,56900,559.066
2024-08-06 23:55:26,BTCUSDT,ask,56900,559.031
2024-08-06 23:55:27,BTCUSDT,ask,57100,533.03
2024-08-06 23:55:27,BTCUSDT,ask,57200,566.994
2024-08-06 23:55:27,BTCUSDT,ask,57100,532.98
2024-08-06 23:55:27,BTCUSDT,ask,57200,567.044
2024-08-06 23:55:27,BTCUSDT,ask,56900,559.088
2024-08-06 23:55:27,BTCUSDT,ask,56900,559.159
2024-08-06 23:55:30,BTCUSDT,ask,56900,559.109
2024-08-06 23:55:30,BTCUSDT,ask,57200,567.115
2024-08-06 23:55:30,BTCUSDT,ask,57200,567.194
2024-08-06 23:55:30,BTCUSDT,ask,56900,559.17
2024-08-06 23:55:30,BTCUSDT,ask,57100,532.543
2024-08-06 23:55:33,BTCUSDT,ask,57000,764.608
2024-08-06 23:55:33,BTCUSDT,ask,57000,765.134
2024-08-06 23:55:33,BTCUSDT,ask,57200,567.175
2024-08-06 23:55:34,BTCUSDT,ask,57200,564.738
