2024-08-09 00:00:22,BTCUSDT,bid,54000,557.039
2024-08-09 00:00:34,BTCUSDT,bid,47500,639.108
2024-08-09 00:00:54,BTCUSDT,bid,54000,557.131
2024-08-09 00:01:18,BTCUSDT,bid,54000,557.133
2024-08-09 00:02:39,BTCUSDT,bid,54000,557.125
2024-08-09 00:03:50,BTCUSDT,bid,54000,557.034
2024-08-09 00:04:27,BTCUSDT,bid,47000,860.522
2024-08-09 00:05:19,BTCUSDT,bid,54000,557.179
2024-08-09 00:05:42,BTCUSDT,bid,54000,557.161
2024-08-09 00:05:54,BTCUSDT,bid,54000,557.143
2024-08-09 00:07:36,BTCUSDT,bid,54000,557.141
2024-08-09 00:08:52,BTCUSDT,bid,54000,557.101
2024-08-09 00:09:05,BTCUSDT,bid,54000,557.085
2024-08-09 00:10:19,BTCUSDT,bid,54000,557.08
2024-08-09 00:10:37,BTCUSDT,bid,54000,556.012
2024-08-09 00:10:55,BTCUSDT,bid,54000,556.008
2024-08-09 00:12:07,BTCUSDT,bid,47000,860.416
2024-08-09 00:14:05,BTCUSDT,bid,54000,556.015
2024-08-09 00:14:39,BTCUSDT,bid,47500,638.965
2024-08-09 00:14:39,BTCUSDT,bid,54000,556.008
2024-08-09 00:14:51,BTCUSDT,bid,47000,860.406
2024-08-09 00:14:55,BTCUSDT,bid,54000,556.015
2024-08-09 00:16:36,BTCUSDT,bid,54000,555.965
2024-08-09 00:16:53,BTCUSDT,bid,54000,556.481
2024-08-09 00:17:54,BTCUSDT,bid,54000,556.412
2024-08-09 00:18:52,BTCUSDT,bid,54000,556.414
2024-08-09 00:19:33,BTCUSDT,bid,54000,556.402
2024-08-09 00:20:22,BTCUSDT,bid,54000,556.4
2024-08-09 00:21:35,BTCUSDT,bid,54000,556.405
2024-08-09 00:22:59,BTCUSDT,bid,54000,556.493
2024-08-09 00:23:10,BTCUSDT,bid,54000,556.488
2024-08-09 00:26:55,BTCUSDT,bid,47500,638.923
2024-08-09 00:27:29,BTCUSDT,bid,54000,556.49
2024-08-09 00:31:02,BTCUSDT,bid,54000,556.47
2024-08-09 00:31:37,BTCUSDT,bid,54000,556.48
2024-08-09 00:34:11,BTCUSDT,bid,47000,860.367
2024-08-09 00:36:38,BTCUSDT,bid,54000,556.478
2024-08-09 00:37:50,BTCUSDT,bid,54000,556.481
2024-08-09 00:38:09,BTCUSDT,bid,54000,556.476
2024-08-09 00:38:17,BTCUSDT,bid,54000,556.585
2024-08-09 00:38:44,BTCUSDT,bid,47000,860.317
2024-08-09 00:38:44,BTCUSDT,bid,47500,638.873
2024-08-09 00:38:55,BTCUSDT,bid,54000,556.597
2024-08-09 00:40:18,BTCUSDT,bid,54000,556.505
2024-08-09 00:41:21,BTCUSDT,bid,54000,556.507
2024-08-09 00:42:15,BTCUSDT,bid,47000,860.327
2024-08-09 00:42:24,BTCUSDT,bid,54000,556.51
2024-08-09 00:43:12,BTCUSDT,bid,47500,638.787
2024-08-09 00:43:41,BTCUSDT,bid,47000,860.346
2024-08-09 00:49:36,BTCUSDT,bid,47300,807.249
2024-08-09 01:07:12,BTCUSDT,bid,47500,638.652
2024-08-09 01:15:55,BTCUSDT,bid,47000,860.349
2024-08-09 01:16:10,BTCUSDT,bid,47000,860.346
2024-08-09 01:20:53,BTCUSDT,bid,47000,860.246
2024-08-09 01:26:16,BTCUSDT,bid,47000,860.243
2024-08-09 01:26:41,BTCUSDT,bid,47000,860.232
2024-08-09 01:47:51,BTCUSDT,bid,47000,860.229
2024-08-09 01:50:00,BTCUSDT,bid,47500,638.655
2024-08-09 01:50:00,BTCUSDT,bid,47500,638.652
2024-08-09 01:56:18,BTCUSDT,bid,47500,638.655
2024-08-09 01:58:44,BTCUSDT,bid,47500,638.652
2024-08-09 02:15:02,BTCUSDT,bid,47000,860.153
2024-08-09 02:17:14,BTCUSDT,bid,47000,860.279
2024-08-09 02:45:01,BTCUSDT,bid,47000,860.275
2024-08-09 02:45:01,BTCUSDT,bid,47300,807.245
2024-08-09 02:45:01,BTCUSDT,bid,47500,638.648
2024-08-09 02:59:33,BTCUSDT,bid,47000,860.175
2024-08-09 03:21:57,BTCUSDT,bid,47000,860.52
2024-08-09 03:34:30,BTCUSDT,bid,47000,860.308
2024-08-09 03:34:30,BTCUSDT,bid,47500,638.438
2024-08-09 03:37:18,BTCUSDT,bid,47000,860.322
2024-08-09 03:37:20,BTCUSDT,bid,47000,860.336
2024-08-09 03:37:21,BTCUSDT,bid,47000,860.35
2024-08-09 03:37:23,BTCUSDT,bid,47000,860.364
2024-08-09 03:37:24,BTCUSDT,bid,47000,860.378
2024-08-09 03:37:25,BTCUSDT,bid,47000,860.392
2024-08-09 03:37:30,BTCUSDT,bid,47000,860.406
2024-08-09 03:37:32,BTCUSDT,bid,47000,860.42
2024-08-09 03:37:33,BTCUSDT,bid,47000,860.434
2024-08-09 03:37:35,BTCUSDT,bid,47000,860.448
2024-08-09 03:40:54,BTCUSDT,bid,47500,638.441
2024-08-09 03:42:40,BTCUSDT,bid,47000,860.451
2024-08-09 03:52:56,BTCUSDT,bid,47500,638.366
2024-08-09 04:02:16,BTCUSDT,bid,47000,860.448
2024-08-09 04:03:07,BTCUSDT,bid,47000,860.648
2024-08-09 04:06:36,BTCUSDT,bid,47500,638.484
2024-08-09 04:21:27,BTCUSDT,bid,47000,860.436
2024-08-09 04:21:29,BTCUSDT,bid,47300,807.034
2024-08-09 04:29:19,BTCUSDT,bid,47500,638.389
2024-08-09 04:42:28,BTCUSDT,bid,47000,860.361
2024-08-09 04:42:28,BTCUSDT,bid,47300,807.031
2024-08-09 04:42:28,BTCUSDT,bid,47500,638.386
2024-08-09 04:42:29,BTCUSDT,bid,47000,860.306
2024-08-09 04:42:34,BTCUSDT,bid,47000,860.303
2024-08-09 04:45:20,BTCUSDT,bid,47000,860.307
2024-08-09 04:45:21,BTCUSDT,bid,47500,638.344
2024-08-09 04:45:21,BTCUSDT,bid,47000,860.282
2024-08-09 04:45:21,BTCUSDT,bid,47300,806.981
2024-08-09 04:45:21,BTCUSDT,bid,47500,638.319
2024-08-09 04:45:55,BTCUSDT,bid,47000,863.282
2024-08-09 04:53:29,BTCUSDT,bid,47000,863.274
2024-08-09 04:53:45,BTCUSDT,bid,47000,863.264
2024-08-09 04:54:36,BTCUSDT,bid,47000,863.254
2024-08-09 04:58:38,BTCUSDT,bid,47000,863.219
2024-08-09 04:59:33,BTCUSDT,bid,47000,862.874
2024-08-09 05:00:24,BTCUSDT,bid,47300,806.983
2024-08-09 05:02:12,BTCUSDT,bid,47000,862.871
2024-08-09 05:02:44,BTCUSDT,bid,47000,862.859
2024-08-09 05:03:43,BTCUSDT,bid,47000,862.751
2024-08-09 05:03:46,BTCUSDT,bid,47000,862.744
2024-08-09 05:03:46,BTCUSDT,bid,47500,638.312
2024-08-09 05:05:16,BTCUSDT,bid,47000,862.71
2024-08-09 05:08:26,BTCUSDT,bid,47000,862.891
2024-08-09 05:09:49,BTCUSDT,bid,47000,862.751
2024-08-09 05:10:31,BTCUSDT,bid,47500,638.206
2024-08-09 05:10:38,BTCUSDT,bid,47000,862.747
2024-08-09 05:10:56,BTCUSDT,bid,47000,862.853
2024-08-09 05:14:13,BTCUSDT,bid,47000,860.194
2024-08-09 05:14:48,BTCUSDT,bid,47500,638.216
2024-08-09 05:14:59,BTCUSDT,ask,60700,856.568
2024-08-09 05:14:59,BTCUSDT,ask,60700,852.548
2024-08-09 05:15:00,BTCUSDT,ask,60700,852.398
2024-08-09 05:15:04,BTCUSDT,ask,60700,852.404
2024-08-09 05:15:07,BTCUSDT,ask,60700,852.41
2024-08-09 05:15:07,BTCUSDT,ask,60700,852.413
2024-08-09 05:15:08,BTCUSDT,ask,60700,852.41
2024-08-09 05:15:10,BTCUSDT,ask,60700,852.414
2024-08-09 05:15:14,BTCUSDT,ask,60700,852.808
2024-08-09 05:15:15,BTCUSDT,ask,60700,853.31
2024-08-09 05:15:16,BTCUSDT,ask,60700,852.811
2024-08-09 05:15:19,BTCUSDT,ask,60700,852.421
2024-08-09 05:15:21,BTCUSDT,ask,60700,852.423
2024-08-09 05:15:22,BTCUSDT,ask,60700,852.419
2024-08-09 05:15:23,BTCUSDT,ask,60700,852.415
2024-08-09 05:15:30,BTCUSDT,ask,60700,852.578
2024-08-09 05:15:32,BTCUSDT,ask,60700,852.583
2024-08-09 05:15:33,BTCUSDT,ask,60700,852.756
2024-08-09 05:15:35,BTCUSDT,ask,60700,853.085
2024-08-09 05:15:35,BTCUSDT,ask,60700,852.765
2024-08-09 05:15:46,BTCUSDT,ask,60700,852.614
2024-08-09 05:15:47,BTCUSDT,ask,60700,852.696
2024-08-09 05:15:54,BTCUSDT,ask,60700,852.589
2024-08-09 05:16:08,BTCUSDT,ask,60700,852.589
2024-08-09 05:16:11,BTCUSDT,ask,60700,852.589
2024-08-09 05:16:13,BTCUSDT,ask,60700,852.855
2024-08-09 05:16:19,BTCUSDT,ask,60700,852.334
2024-08-09 05:16:26,BTCUSDT,ask,60700,852.424
2024-08-09 05:16:27,BTCUSDT,ask,60700,852.468
2024-08-09 05:16:33,BTCUSDT,ask,60700,852.474
2024-08-09 05:16:40,BTCUSDT,ask,60700,852.459
2024-08-09 05:16:41,BTCUSDT,ask,60700,852.627
2024-08-09 05:16:43,BTCUSDT,ask,60700,852.53
2024-08-09 05:16:44,BTCUSDT,ask,60700,852.867
2024-08-09 05:16:45,BTCUSDT,ask,60700,852.779
2024-08-09 05:16:45,BTCUSDT,ask,60700,852.427
2024-08-09 05:16:46,BTCUSDT,ask,60700,852.944
2024-08-09 05:16:46,BTCUSDT,ask,60700,852.779
2024-08-09 05:16:46,BTCUSDT,ask,60700,852.776
2024-08-09 05:16:46,BTCUSDT,ask,60700,852.776
2024-08-09 05:16:47,BTCUSDT,ask,60700,852.816
2024-08-09 05:16:48,BTCUSDT,ask,60700,852.776
2024-08-09 05:16:49,BTCUSDT,ask,60700,852.789
2024-08-09 05:16:49,BTCUSDT,ask,60700,853.109
2024-08-09 05:16:49,BTCUSDT,ask,60700,853.113
2024-08-09 05:16:52,BTCUSDT,ask,60700,855.553
2024-08-09 05:16:54,BTCUSDT,ask,60700,855.568
2024-08-09 05:16:58,BTCUSDT,ask,60700,855.596
2024-08-09 05:16:59,BTCUSDT,ask,60700,855.616
2024-08-09 05:17:00,BTCUSDT,ask,60700,856.096
2024-08-09 05:17:00,BTCUSDT,ask,60700,855.596
2024-08-09 05:17:01,BTCUSDT,ask,60700,852.824
2024-08-09 05:17:03,BTCUSDT,ask,60700,852.859
2024-08-09 05:17:04,BTCUSDT,ask,60700,852.949
2024-08-09 05:17:05,BTCUSDT,ask,60700,852.951
2024-08-09 05:17:06,BTCUSDT,ask,60700,852.986
2024-08-09 05:17:06,BTCUSDT,ask,60700,852.949
2024-08-09 05:17:08,BTCUSDT,ask,60700,852.964
2024-08-09 05:17:08,BTCUSDT,ask,60700,852.966
2024-08-09 05:17:09,BTCUSDT,ask,60700,852.963
2024-08-09 05:17:11,BTCUSDT,ask,60700,852.988
2024-08-09 05:17:12,BTCUSDT,ask,60700,852.986
2024-08-09 05:17:16,BTCUSDT,ask,60700,852.808
2024-08-09 05:17:19,BTCUSDT,ask,60700,853.047
2024-08-09 05:17:19,BTCUSDT,ask,60700,853.167
2024-08-09 05:17:20,BTCUSDT,ask,60700,853.722
2024-08-09 05:17:21,BTCUSDT,ask,60700,853.23
2024-08-09 05:17:24,BTCUSDT,ask,60700,853.23
2024-08-09 05:17:26,BTCUSDT,ask,60700,853.237
2024-08-09 05:17:32,BTCUSDT,ask,60700,853.527
2024-08-09 05:17:32,BTCUSDT,ask,60700,853.613
2024-08-09 05:17:32,BTCUSDT,ask,60700,853.527
2024-08-09 05:17:32,BTCUSDT,ask,60700,853.239
2024-08-09 05:17:33,BTCUSDT,ask,60700,853.236
2024-08-09 05:17:34,BTCUSDT,ask,60700,853.234
2024-08-09 05:17:35,BTCUSDT,ask,60700,853.404
2024-08-09 05:17:35,BTCUSDT,ask,60700,853.314
2024-08-09 05:17:35,BTCUSDT,ask,60700,853.314
2024-08-09 05:17:36,BTCUSDT,ask,60700,853.234
2024-08-09 05:17:36,BTCUSDT,ask,60700,853.237
2024-08-09 05:17:38,BTCUSDT,ask,60700,853.247
2024-08-09 05:17:38,BTCUSDT,ask,60700,853.55
2024-08-09 05:17:39,BTCUSDT,ask,60700,853.544
2024-08-09 05:17:40,BTCUSDT,ask,60700,853.244
2024-08-09 05:17:42,BTCUSDT,ask,60700,853.248
2024-08-09 05:17:42,BTCUSDT,ask,60700,853.25
2024-08-09 05:17:43,BTCUSDT,ask,60700,853.248
2024-08-09 05:17:45,BTCUSDT,ask,60700,853.253
2024-08-09 05:17:46,BTCUSDT,ask,60700,853.25
2024-08-09 05:17:46,BTCUSDT,ask,60700,853.246
2024-08-09 05:17:47,BTCUSDT,ask,60700,853.248
2024-08-09 05:17:47,BTCUSDT,ask,60700,853.248
2024-08-09 05:17:50,BTCUSDT,ask,60700,853.29
2024-08-09 05:17:50,BTCUSDT,ask,60700,853.248
2024-08-09 05:17:52,BTCUSDT,ask,60700,853.403
2024-08-09 05:17:52,BTCUSDT,ask,60700,853.248
2024-08-09 05:17:53,BTCUSDT,ask,60700,853.248
2024-08-09 05:17:53,BTCUSDT,ask,60700,853.246
2024-08-09 05:17:53,BTCUSDT,ask,60700,853.392
2024-08-09 05:17:53,BTCUSDT,ask,60700,853.246
2024-08-09 05:17:53,BTCUSDT,ask,60700,853.248
2024-08-09 05:17:54,BTCUSDT,ask,60700,853.368
2024-08-09 05:17:54,BTCUSDT,ask,60700,853.248
2024-08-09 05:17:55,BTCUSDT,ask,60700,853.25
2024-08-09 05:17:56,BTCUSDT,ask,60700,853.248
2024-08-09 05:17:57,BTCUSDT,ask,60700,853.25
2024-08-09 05:17:57,BTCUSDT,ask,60700,853.248
2024-08-09 05:17:59,BTCUSDT,ask,60700,853.246
2024-08-09 05:18:00,BTCUSDT,ask,60700,853.249
2024-08-09 05:18:00,BTCUSDT,ask,60700,853.246
2024-08-09 05:18:00,BTCUSDT,ask,60700,853.07
2024-08-09 05:18:02,BTCUSDT,ask,60700,853.073
2024-08-09 05:18:03,BTCUSDT,ask,60700,853.071
2024-08-09 05:18:03,BTCUSDT,ask,60700,853.073
2024-08-09 05:18:04,BTCUSDT,ask,60700,853.073
2024-08-09 05:18:04,BTCUSDT,ask,60700,853.117
2024-08-09 05:18:04,BTCUSDT,ask,60700,853.167
2024-08-09 05:18:05,BTCUSDT,ask,60700,853.12
2024-08-09 05:18:05,BTCUSDT,ask,60700,853.12
2024-08-09 05:18:05,BTCUSDT,ask,60700,853.073
2024-08-09 05:18:05,BTCUSDT,ask,60700,853.071
2024-08-09 05:18:06,BTCUSDT,ask,60700,853.071
2024-08-09 05:18:06,BTCUSDT,ask,60700,853.071
2024-08-09 05:18:07,BTCUSDT,ask,60700,853.236
2024-08-09 05:18:08,BTCUSDT,ask,60700,853.071
2024-08-09 05:18:08,BTCUSDT,ask,60700,853.103
2024-08-09 05:18:08,BTCUSDT,ask,60700,853.119
2024-08-09 05:18:08,BTCUSDT,ask,60700,853.103
2024-08-09 05:18:09,BTCUSDT,ask,60700,853.071
2024-08-09 05:18:11,BTCUSDT,ask,60700,853.073
2024-08-09 05:18:12,BTCUSDT,ask,60700,853.073
2024-08-09 05:18:13,BTCUSDT,ask,60700,853.048
2024-08-09 05:18:13,BTCUSDT,ask,60700,853.048
2024-08-09 05:18:13,BTCUSDT,ask,60700,853.046
2024-08-09 05:18:14,BTCUSDT,ask,60700,853.049
2024-08-09 05:18:16,BTCUSDT,ask,60700,853.046
2024-08-09 05:18:16,BTCUSDT,ask,60700,853.049
2024-08-09 05:18:17,BTCUSDT,ask,60700,853.046
2024-08-09 05:18:18,BTCUSDT,ask,60700,853.051
2024-08-09 05:18:19,BTCUSDT,ask,60700,853.046
2024-08-09 05:18:25,BTCUSDT,ask,60700,853.049
2024-08-09 05:18:25,BTCUSDT,ask,60700,853.046
2024-08-09 05:18:25,BTCUSDT,ask,60700,853.096
2024-08-09 05:18:26,BTCUSDT,ask,60700,853.087
2024-08-09 05:18:26,BTCUSDT,ask,60700,853.037
2024-08-09 05:18:27,BTCUSDT,ask,60700,853.206
2024-08-09 05:18:27,BTCUSDT,ask,60700,853.202
2024-08-09 05:18:28,BTCUSDT,ask,60700,853.037
2024-08-09 05:18:28,BTCUSDT,ask,60700,853.137
2024-08-09 05:18:30,BTCUSDT,ask,60700,853.195
2024-08-09 05:18:30,BTCUSDT,ask,60700,853.137
2024-08-09 05:18:31,BTCUSDT,ask,60700,853.134
2024-08-09 05:18:32,BTCUSDT,ask,60700,853.154
2024-08-09 05:18:32,BTCUSDT,ask,60700,853.134
2024-08-09 05:18:32,BTCUSDT,ask,60700,853.515
2024-08-09 05:18:33,BTCUSDT,ask,60700,853.502
2024-08-09 05:18:33,BTCUSDT,ask,60700,853.121
2024-08-09 05:18:33,BTCUSDT,ask,60700,853.502
2024-08-09 05:18:33,BTCUSDT,ask,60700,853.121
2024-08-09 05:18:34,BTCUSDT,ask,60700,853.502
2024-08-09 05:18:34,BTCUSDT,ask,60700,853.121
2024-08-09 05:18:34,BTCUSDT,ask,60700,853.121
2024-08-09 05:18:35,BTCUSDT,ask,60700,853.127
2024-08-09 05:18:36,BTCUSDT,ask,60700,853.29
2024-08-09 05:18:36,BTCUSDT,ask,60700,853.286
2024-08-09 05:18:37,BTCUSDT,ask,60700,853.121
2024-08-09 05:18:39,BTCUSDT,ask,60700,853.182
2024-08-09 05:18:43,BTCUSDT,ask,60700,853.193
2024-08-09 05:18:44,BTCUSDT,ask,60700,853.182
2024-08-09 05:18:44,BTCUSDT,ask,60700,853.432
2024-08-09 05:18:45,BTCUSDT,ask,60700,853.42
2024-08-09 05:18:47,BTCUSDT,ask,60700,853.225
2024-08-09 05:18:47,BTCUSDT,ask,60700,853.176
2024-08-09 05:18:55,BTCUSDT,ask,60700,853.177
2024-08-09 05:18:55,BTCUSDT,ask,60700,853.095
2024-08-09 05:18:56,BTCUSDT,ask,60700,852.995
2024-08-09 05:18:56,BTCUSDT,ask,60700,852.999
2024-08-09 05:18:57,BTCUSDT,ask,60700,852.989
2024-08-09 05:18:58,BTCUSDT,ask,60700,857.989
2024-08-09 05:19:00,BTCUSDT,ask,60700,857.993
2024-08-09 05:19:00,BTCUSDT,ask,60700,857.995
2024-08-09 05:19:03,BTCUSDT,ask,60700,857.997
2024-08-09 05:19:03,BTCUSDT,ask,60700,857.999
2024-08-09 05:19:04,BTCUSDT,ask,60700,858.001
2024-08-09 05:19:06,BTCUSDT,ask,60700,858.003
2024-08-09 05:19:06,BTCUSDT,ask,60700,857.999
2024-08-09 05:19:06,BTCUSDT,ask,60700,858.001
2024-08-09 05:19:07,BTCUSDT,ask,60700,858.043
2024-08-09 05:19:08,BTCUSDT,ask,60700,858.001
2024-08-09 05:19:10,BTCUSDT,ask,60700,858.1
2024-08-09 05:19:10,BTCUSDT,ask,60700,858.105
2024-08-09 05:19:10,BTCUSDT,ask,60700,858.103
2024-08-09 05:19:12,BTCUSDT,ask,60700,858.124
2024-08-09 05:19:13,BTCUSDT,ask,60700,861.522
2024-08-09 05:19:15,BTCUSDT,ask,60700,861.53
2024-08-09 05:19:16,BTCUSDT,ask,60700,861.434
2024-08-09 05:19:16,BTCUSDT,ask,60700,861.452
2024-08-09 05:19:18,BTCUSDT,ask,60700,861.452
2024-08-09 05:19:20,BTCUSDT,ask,60700,858.07
2024-08-09 05:19:23,BTCUSDT,ask,60700,858.118
2024-08-09 05:19:29,BTCUSDT,ask,60700,858.302
2024-08-09 05:19:29,BTCUSDT,ask,60700,858.052
2024-08-09 05:19:33,BTCUSDT,ask,60700,858.055
2024-08-09 05:19:34,BTCUSDT,ask,60700,858.052
2024-08-09 05:19:34,BTCUSDT,ask,60700,858.139
2024-08-09 05:19:36,BTCUSDT,ask,60700,858.141
2024-08-09 05:19:38,BTCUSDT,ask,60700,858.145
2024-08-09 05:19:38,BTCUSDT,ask,60700,858.145
2024-08-09 05:19:42,BTCUSDT,ask,60700,858.155
2024-08-09 05:19:42,BTCUSDT,ask,60700,858.157
2024-08-09 05:19:43,BTCUSDT,ask,60700,858.161
2024-08-09 05:19:43,BTCUSDT,ask,60700,858.163
2024-08-09 05:19:44,BTCUSDT,ask,60700,858.161
2024-08-09 05:19:45,BTCUSDT,ask,60700,858.326
2024-08-09 05:19:45,BTCUSDT,ask,60700,858.161
2024-08-09 05:19:45,BTCUSDT,ask,60700,858.163
2024-08-09 05:19:46,BTCUSDT,ask,60700,858.163
2024-08-09 05:19:46,BTCUSDT,ask,60700,858.181
2024-08-09 05:19:46,BTCUSDT,ask,60700,858.185
2024-08-09 05:19:47,BTCUSDT,ask,60700,858.187
2024-08-09 05:19:48,BTCUSDT,ask,60700,858.189
2024-08-09 05:19:48,BTCUSDT,ask,60700,858.348
2024-08-09 05:19:50,BTCUSDT,ask,60700,858.316
2024-08-09 05:19:51,BTCUSDT,ask,60700,858.312
2024-08-09 05:19:56,BTCUSDT,ask,60700,858.452
2024-08-09 05:19:56,BTCUSDT,ask,60700,858.312
2024-08-09 05:19:58,BTCUSDT,ask,60700,858.452
2024-08-09 05:19:58,BTCUSDT,ask,60700,858.312
2024-08-09 05:19:59,BTCUSDT,ask,60700,858.328
2024-08-09 05:19:59,BTCUSDT,ask,60700,858.328
2024-08-09 05:20:00,BTCUSDT,ask,60700,858.312
2024-08-09 05:20:01,BTCUSDT,ask,60700,858.412
2024-08-09 05:20:01,BTCUSDT,ask,60700,858.312
2024-08-09 05:20:01,BTCUSDT,ask,60700,858.326
2024-08-09 05:20:01,BTCUSDT,ask,60700,858.322
2024-08-09 05:20:02,BTCUSDT,ask,60700,858.659
2024-08-09 05:20:02,BTCUSDT,ask,60700,858.799
2024-08-09 05:20:02,BTCUSDT,ask,60700,858.651
2024-08-09 05:20:02,BTCUSDT,ask,60700,858.649
2024-08-09 05:20:04,BTCUSDT,ask,60700,858.653
2024-08-09 05:20:06,BTCUSDT,ask,60700,858.655
2024-08-09 05:20:06,BTCUSDT,ask,60700,858.651
2024-08-09 05:20:07,BTCUSDT,ask,60700,858.651
2024-08-09 05:20:07,BTCUSDT,ask,60700,858.651
2024-08-09 05:20:07,BTCUSDT,ask,60700,858.653
2024-08-09 05:20:08,BTCUSDT,ask,60700,858.655
2024-08-09 05:20:08,BTCUSDT,ask,60700,858.695
2024-08-09 05:20:08,BTCUSDT,ask,60700,858.655
2024-08-09 05:20:09,BTCUSDT,ask,60700,858.659
2024-08-09 05:20:09,BTCUSDT,ask,60700,858.657
2024-08-09 05:20:10,BTCUSDT,ask,60700,858.639
2024-08-09 05:20:10,BTCUSDT,ask,60700,858.642
2024-08-09 05:20:10,BTCUSDT,ask,60700,858.642
2024-08-09 05:20:10,BTCUSDT,ask,60700,858.644
2024-08-09 05:20:11,BTCUSDT,ask,60700,858.646
2024-08-09 05:20:12,BTCUSDT,ask,60700,858.646
2024-08-09 05:20:13,BTCUSDT,ask,60700,858.641
2024-08-09 05:20:13,BTCUSDT,ask,60700,858.651
2024-08-09 05:20:14,BTCUSDT,ask,60700,858.698
2024-08-09 05:20:14,BTCUSDT,ask,60700,858.319
2024-08-09 05:20:15,BTCUSDT,ask,60700,858.419
2024-08-09 05:20:15,BTCUSDT,ask,60700,858.425
2024-08-09 05:20:16,BTCUSDT,ask,60700,858.423
2024-08-09 05:20:18,BTCUSDT,ask,60700,858.43
2024-08-09 05:20:18,BTCUSDT,ask,60700,858.42
2024-08-09 05:20:18,BTCUSDT,ask,60700,858.584
2024-08-09 05:20:18,BTCUSDT,ask,60700,859.084
2024-08-09 05:20:18,BTCUSDT,ask,60700,859.084
2024-08-09 05:20:19,BTCUSDT,ask,60700,858.697
2024-08-09 05:20:19,BTCUSDT,ask,60700,858.584
2024-08-09 05:20:19,BTCUSDT,ask,60700,858.502
2024-08-09 05:20:20,BTCUSDT,ask,60700,858.504
2024-08-09 05:20:20,BTCUSDT,ask,60700,858.52
2024-08-09 05:20:20,BTCUSDT,ask,60700,858.476
2024-08-09 05:20:21,BTCUSDT,ask,60700,858.454
2024-08-09 05:20:21,BTCUSDT,ask,60700,858.456
2024-08-09 05:20:21,BTCUSDT,ask,60700,858.454
2024-08-09 05:20:22,BTCUSDT,ask,60700,858.455
2024-08-09 05:20:23,BTCUSDT,ask,60700,858.458
2024-08-09 05:20:24,BTCUSDT,ask,60700,858.46
2024-08-09 05:20:25,BTCUSDT,ask,60700,858.457
2024-08-09 05:20:25,BTCUSDT,ask,60700,858.697
2024-08-09 05:20:25,BTCUSDT,ask,60700,858.457
2024-08-09 05:20:26,BTCUSDT,ask,60700,858.46
2024-08-09 05:20:29,BTCUSDT,ask,60700,858.457
2024-08-09 05:20:29,BTCUSDT,ask,60700,858.444
2024-08-09 05:20:30,BTCUSDT,ask,60700,859.244
2024-08-09 05:20:30,BTCUSDT,ask,60700,859.085
2024-08-09 05:20:32,BTCUSDT,ask,60700,859.185
2024-08-09 05:20:33,BTCUSDT,ask,60700,859.244
2024-08-09 05:20:34,BTCUSDT,ask,60700,859.284
2024-08-09 05:20:34,BTCUSDT,ask,60700,859.609
2024-08-09 05:20:34,BTCUSDT,ask,60700,859.244
2024-08-09 05:20:34,BTCUSDT,ask,60700,859.242
2024-08-09 05:20:35,BTCUSDT,ask,60700,842.662
2024-08-09 05:20:35,BTCUSDT,ask,60700,783.2
2024-08-09 05:20:35,BTCUSDT,ask,60700,783.196
2024-08-09 05:20:35,BTCUSDT,ask,60700,783.167
2024-08-09 05:20:36,BTCUSDT,ask,60700,783.169
2024-08-09 05:20:36,BTCUSDT,ask,60700,783.167
2024-08-09 05:20:36,BTCUSDT,ask,60700,783.165
2024-08-09 05:20:37,BTCUSDT,ask,60700,783.19
2024-08-09 05:20:37,BTCUSDT,ask,60700,783.165
2024-08-09 05:20:37,BTCUSDT,ask,60700,783.079
2024-08-09 05:20:37,BTCUSDT,ask,60700,782.835
2024-08-09 05:20:38,BTCUSDT,ask,60700,781.128
2024-08-09 05:20:38,BTCUSDT,ask,60700,779.907
2024-08-09 05:20:38,BTCUSDT,ask,60700,779.407
2024-08-09 05:20:38,BTCUSDT,ask,60700,779.412
2024-08-09 05:20:38,BTCUSDT,ask,60700,775.254
2024-08-09 05:20:38,BTCUSDT,ask,60700,775.265
2024-08-09 05:20:38,BTCUSDT,ask,60700,775.271
2024-08-09 05:20:38,BTCUSDT,ask,60700,775.467
2024-08-09 05:20:38,BTCUSDT,ask,60700,775.641
2024-08-09 05:20:39,BTCUSDT,ask,60700,775.306
2024-08-09 05:20:39,BTCUSDT,ask,60700,775.445
2024-08-09 05:20:39,BTCUSDT,ask,60700,775.461
2024-08-09 05:20:39,BTCUSDT,ask,60700,775.945
2024-08-09 05:20:39,BTCUSDT,ask,60700,775.438
2024-08-09 05:20:39,BTCUSDT,ask,60700,775.432
2024-08-09 05:20:39,BTCUSDT,ask,60700,774.944
2024-08-09 05:20:39,BTCUSDT,ask,60700,774.926
2024-08-09 05:20:39,BTCUSDT,ask,60700,774.814
2024-08-09 05:26:12,BTCUSDT,bid,47500,637.781
2024-08-09 05:27:03,BTCUSDT,bid,47000,860.189
2024-08-09 05:32:59,BTCUSDT,bid,47000,860.181
2024-08-09 05:33:17,BTCUSDT,ask,61900,835.126
2024-08-09 05:33:21,BTCUSDT,ask,61900,835.128
2024-08-09 05:34:37,BTCUSDT,ask,61900,841.81
2024-08-09 05:34:43,BTCUSDT,bid,47000,860.193
2024-08-09 05:34:43,BTCUSDT,bid,47500,637.793
2024-08-09 05:34:46,BTCUSDT,ask,61900,841.57
2024-08-09 05:34:46,BTCUSDT,ask,61900,841.586
2024-08-09 05:34:52,BTCUSDT,ask,61900,841.593
2024-08-09 05:34:52,BTCUSDT,ask,61900,841.689
2024-08-09 05:34:54,BTCUSDT,ask,61900,841.593
2024-08-09 05:35:03,BTCUSDT,ask,61900,841.684
2024-08-09 05:35:12,BTCUSDT,ask,61900,841.687
2024-08-09 05:35:16,BTCUSDT,ask,61900,841.671
2024-08-09 05:35:16,BTCUSDT,ask,61900,841.655
2024-08-09 05:35:18,BTCUSDT,ask,61900,841.674
2024-08-09 05:35:35,BTCUSDT,ask,61900,841.68
2024-08-09 05:35:44,BTCUSDT,ask,61900,841.703
2024-08-09 05:35:57,BTCUSDT,ask,61900,841.702
2024-08-09 05:36:39,BTCUSDT,ask,61900,841.549
2024-08-09 05:37:08,BTCUSDT,ask,61900,842.794
2024-08-09 05:37:11,BTCUSDT,ask,61900,842.791
2024-08-09 05:37:31,BTCUSDT,bid,47000,860.13
2024-08-09 05:37:39,BTCUSDT,ask,61900,842.731
2024-08-09 05:38:00,BTCUSDT,ask,61900,842.538
2024-08-09 05:38:10,BTCUSDT,ask,61900,842.695
2024-08-09 05:38:34,BTCUSDT,ask,61900,842.963
2024-08-09 05:38:44,BTCUSDT,ask,61900,842.973
2024-08-09 05:38:50,BTCUSDT,ask,61900,842.989
2024-08-09 05:39:02,BTCUSDT,ask,61900,841.7
2024-08-09 05:39:20,BTCUSDT,ask,61900,841.574
2024-08-09 05:39:22,BTCUSDT,ask,61900,841.7
2024-08-09 05:39:30,BTCUSDT,ask,61900,841.705
2024-08-09 05:39:39,BTCUSDT,ask,61900,841.721
2024-08-09 05:39:41,BTCUSDT,ask,61900,841.73
2024-08-09 05:40:32,BTCUSDT,ask,61900,841.734
2024-08-09 05:40:58,BTCUSDT,ask,61900,841.743
2024-08-09 05:41:14,BTCUSDT,ask,61900,841.713
2024-08-09 05:41:35,BTCUSDT,bid,47500,637.796
2024-08-09 05:41:51,BTCUSDT,ask,61900,841.774
2024-08-09 05:41:53,BTCUSDT,ask,61900,841.777
2024-08-09 05:41:57,BTCUSDT,ask,61900,841.802
2024-08-09 05:42:17,BTCUSDT,ask,61900,841.827
2024-08-09 05:42:27,BTCUSDT,ask,61900,841.851
2024-08-09 05:42:40,BTCUSDT,bid,47500,637.754
2024-08-09 05:42:42,BTCUSDT,ask,61900,841.846
2024-08-09 05:42:45,BTCUSDT,ask,61900,841.844
2024-08-09 05:42:55,BTCUSDT,ask,61900,842.644
2024-08-09 05:43:36,BTCUSDT,ask,61900,841.85
2024-08-09 05:43:44,BTCUSDT,ask,61900,841.87
2024-08-09 05:43:50,BTCUSDT,ask,61900,844.268
2024-08-09 05:43:57,BTCUSDT,ask,61900,844.282
2024-08-09 05:44:38,BTCUSDT,ask,61900,844.314
2024-08-09 05:44:41,BTCUSDT,ask,61900,844.475
2024-08-09 05:45:03,BTCUSDT,bid,47500,637.712
2024-08-09 05:46:59,BTCUSDT,bid,57000,542.308
2024-08-09 05:47:06,BTCUSDT,bid,60000,916.625
2024-08-09 05:47:07,BTCUSDT,bid,57000,542.304
2024-08-09 05:47:26,BTCUSDT,bid,57200,551.39
2024-08-09 05:47:43,BTCUSDT,bid,57000,542.307
2024-08-09 05:48:00,BTCUSDT,bid,57000,542.298
2024-08-09 05:48:00,BTCUSDT,bid,57200,551.385
2024-08-09 05:48:07,BTCUSDT,bid,57000,541.292
2024-08-09 05:48:21,BTCUSDT,bid,47000,859.88
2024-08-09 05:48:21,BTCUSDT,bid,57000,541.29
2024-08-09 05:48:25,BTCUSDT,bid,57000,541.279
2024-08-09 05:48:25,BTCUSDT,bid,57000,541.277
2024-08-09 05:48:27,BTCUSDT,bid,57000,541.222
2024-08-09 05:48:39,BTCUSDT,ask,61900,546.256
2024-08-09 05:48:40,BTCUSDT,ask,61900,546.457
2024-08-09 05:48:44,BTCUSDT,ask,61900,548.457
2024-08-09 05:48:45,BTCUSDT,ask,61900,548.973
2024-08-09 05:48:51,BTCUSDT,bid,47000,859.877
2024-08-09 05:48:57,BTCUSDT,ask,61900,543.912
2024-08-09 05:49:01,BTCUSDT,ask,61900,543.945
2024-08-09 05:49:11,BTCUSDT,ask,61900,543.04
2024-08-09 05:49:17,BTCUSDT,bid,57000,541.204
2024-08-09 05:49:18,BTCUSDT,ask,61900,543.192
2024-08-09 05:49:21,BTCUSDT,ask,61900,539.192
2024-08-09 05:49:22,BTCUSDT,ask,61900,539.19
2024-08-09 05:49:22,BTCUSDT,ask,61900,539.193
2024-08-09 05:49:22,BTCUSDT,ask,61900,539.241
2024-08-09 05:49:31,BTCUSDT,ask,61900,539.415
2024-08-09 05:49:32,BTCUSDT,ask,61900,539.447
2024-08-09 05:49:33,BTCUSDT,ask,61900,539.486
2024-08-09 05:49:34,BTCUSDT,bid,57000,541.2
2024-08-09 05:49:39,BTCUSDT,bid,57000,541.198
2024-08-09 05:49:42,BTCUSDT,ask,61900,539.358
2024-08-09 05:49:42,BTCUSDT,bid,47500,637.714
2024-08-09 05:49:49,BTCUSDT,bid,60200,912.871
2024-08-09 05:49:57,BTCUSDT,bid,57000,541.164
2024-08-09 05:49:58,BTCUSDT,bid,57000,541.16
2024-08-09 05:49:59,BTCUSDT,ask,61900,539.42
2024-08-09 05:50:05,BTCUSDT,bid,57000,541.172
2024-08-09 05:50:06,BTCUSDT,ask,61900,539.71
2024-08-09 05:50:07,BTCUSDT,ask,61900,539.909
2024-08-09 05:50:18,BTCUSDT,bid,47500,637.704
2024-08-09 05:50:18,BTCUSDT,bid,57000,541.122
2024-08-09 05:50:20,BTCUSDT,bid,57000,541.022
2024-08-09 05:50:21,BTCUSDT,bid,57000,541.017
2024-08-09 05:50:23,BTCUSDT,bid,57000,540.913
2024-08-09 05:50:33,BTCUSDT,ask,61900,540.932
2024-08-09 05:50:46,BTCUSDT,ask,61900,548.116
2024-08-09 05:50:51,BTCUSDT,ask,61900,548.198
2024-08-09 05:50:54,BTCUSDT,ask,61900,548.2
2024-08-09 05:50:54,BTCUSDT,ask,61900,548.068
2024-08-09 05:50:55,BTCUSDT,ask,61900,548.111
2024-08-09 05:50:56,BTCUSDT,ask,61900,548.113
2024-08-09 05:51:00,BTCUSDT,ask,61900,548.169
2024-08-09 05:51:03,BTCUSDT,bid,57000,540.825
2024-08-09 05:51:08,BTCUSDT,ask,61900,548.604
2024-08-09 05:51:08,BTCUSDT,ask,61900,548.596
2024-08-09 05:51:09,BTCUSDT,ask,61900,548.919
2024-08-09 05:51:11,BTCUSDT,ask,61900,548.999
2024-08-09 05:51:14,BTCUSDT,ask,61900,548.999
2024-08-09 05:51:15,BTCUSDT,ask,61900,548.997
2024-08-09 05:51:16,BTCUSDT,ask,61900,549.159
2024-08-09 05:51:19,BTCUSDT,ask,61900,549.155
2024-08-09 05:51:21,BTCUSDT,ask,61900,549.235
2024-08-09 05:51:25,BTCUSDT,ask,61900,549.227
2024-08-09 05:51:28,BTCUSDT,bid,57000,540.813
2024-08-09 05:51:31,BTCUSDT,bid,57000,540.805
2024-08-09 05:51:31,BTCUSDT,bid,57000,539.971
2024-08-09 05:51:32,BTCUSDT,bid,57000,539.921
2024-08-09 05:51:32,BTCUSDT,bid,57000,539.82
2024-08-09 05:51:43,BTCUSDT,bid,57000,539.055
2024-08-09 05:51:44,BTCUSDT,ask,62500,553.325
2024-08-09 05:51:45,BTCUSDT,ask,62500,553.358
2024-08-09 05:51:48,BTCUSDT,bid,57000,559.055
2024-08-09 05:51:51,BTCUSDT,ask,62500,553.36
2024-08-09 05:52:00,BTCUSDT,ask,62500,543.524
2024-08-09 05:52:03,BTCUSDT,ask,62500,543.689
2024-08-09 05:52:05,BTCUSDT,ask,62500,543.721
2024-08-09 05:52:08,BTCUSDT,ask,62500,543.725
2024-08-09 05:52:09,BTCUSDT,ask,62500,543.805
2024-08-09 05:52:17,BTCUSDT,ask,62500,543.812
2024-08-09 05:52:23,BTCUSDT,ask,62500,543.822
2024-08-09 05:52:27,BTCUSDT,bid,57000,559.057
2024-08-09 05:52:29,BTCUSDT,bid,57200,551.351
2024-08-09 05:52:30,BTCUSDT,bid,47000,859.739
2024-08-09 05:52:30,BTCUSDT,bid,47000,859.733
2024-08-09 05:52:30,BTCUSDT,bid,57000,559.052
2024-08-09 05:52:31,BTCUSDT,bid,57000,559.017
2024-08-09 05:52:34,BTCUSDT,ask,62500,543.822
2024-08-09 05:52:39,BTCUSDT,ask,62500,543.786
2024-08-09 05:52:40,BTCUSDT,ask,62500,543.753
2024-08-09 05:52:40,BTCUSDT,ask,62500,544.191
2024-08-09 05:52:44,BTCUSDT,bid,57000,559.015
2024-08-09 05:52:51,BTCUSDT,ask,62500,544.221
2024-08-09 05:52:52,BTCUSDT,bid,57200,551.316
2024-08-09 05:53:09,BTCUSDT,bid,57000,558.959
2024-08-09 05:53:09,BTCUSDT,ask,62500,543.344
2024-08-09 05:53:10,BTCUSDT,ask,62500,543.346
2024-08-09 05:53:13,BTCUSDT,ask,62500,543.428
2024-08-09 05:53:16,BTCUSDT,ask,62500,543.468
2024-08-09 05:53:24,BTCUSDT,ask,62500,544.421
2024-08-09 05:53:47,BTCUSDT,ask,62500,547.223
2024-08-09 05:53:47,BTCUSDT,ask,62500,547.259
2024-08-09 05:53:49,BTCUSDT,ask,62500,547.263
2024-08-09 05:53:55,BTCUSDT,bid,57000,558.935
2024-08-09 05:53:55,BTCUSDT,ask,62500,547.348
2024-08-09 05:53:57,BTCUSDT,ask,62500,546.469
2024-08-09 05:54:00,BTCUSDT,ask,62500,546.48
2024-08-09 05:54:14,BTCUSDT,ask,62500,544.385
2024-08-09 05:54:18,BTCUSDT,ask,62500,544.456
2024-08-09 05:54:32,BTCUSDT,ask,62500,544.122
2024-08-09 05:54:40,BTCUSDT,bid,47500,637.204
2024-08-09 05:54:48,BTCUSDT,bid,57000,558.922
2024-08-09 05:54:49,BTCUSDT,bid,47000,859.726
2024-08-09 05:54:50,BTCUSDT,ask,62500,544.298
2024-08-09 05:54:51,BTCUSDT,bid,57200,551.312
2024-08-09 05:54:53,BTCUSDT,ask,62500,544.414
2024-08-09 05:54:57,BTCUSDT,bid,47500,637.213
2024-08-09 05:54:58,BTCUSDT,bid,57000,558.932
2024-08-09 05:54:59,BTCUSDT,ask,62500,544.252
2024-08-09 05:55:04,BTCUSDT,bid,57200,551.302
2024-08-09 05:55:10,BTCUSDT,ask,62500,544.274
2024-08-09 05:55:13,BTCUSDT,bid,57000,558.929
2024-08-09 05:55:13,BTCUSDT,bid,57200,551.299
2024-08-09 05:55:16,BTCUSDT,bid,57000,558.912
2024-08-09 05:55:17,BTCUSDT,bid,57200,551.297
2024-08-09 05:55:17,BTCUSDT,bid,57000,558.801
2024-08-09 05:55:21,BTCUSDT,bid,57000,557.418
2024-08-09 05:55:31,BTCUSDT,ask,62500,544.629
2024-08-09 05:55:31,BTCUSDT,ask,62500,545.295
2024-08-09 05:55:32,BTCUSDT,ask,62500,545.306
2024-08-09 05:55:33,BTCUSDT,ask,62500,545.388
2024-08-09 05:55:34,BTCUSDT,bid,57000,559.019
2024-08-09 05:55:41,BTCUSDT,bid,57000,558.867
2024-08-09 05:55:41,BTCUSDT,bid,57200,551.277
2024-08-09 05:55:48,BTCUSDT,ask,62500,547.944
2024-08-09 05:55:49,BTCUSDT,ask,62500,547.835
2024-08-09 05:55:53,BTCUSDT,ask,62500,547.844
2024-08-09 05:55:53,BTCUSDT,bid,47300,806.98
2024-08-09 05:55:54,BTCUSDT,bid,57000,558.841
2024-08-09 05:55:54,BTCUSDT,bid,57000,558.839
2024-08-09 05:55:54,BTCUSDT,bid,47500,637.21
2024-08-09 05:55:58,BTCUSDT,ask,62500,548.352
2024-08-09 05:55:59,BTCUSDT,ask,62500,548.428
2024-08-09 05:56:02,BTCUSDT,ask,62500,548.598
2024-08-09 05:56:05,BTCUSDT,bid,57000,558.722
2024-08-09 05:56:05,BTCUSDT,bid,57000,558.719
2024-08-09 05:56:06,BTCUSDT,ask,62500,551.829
2024-08-09 05:56:07,BTCUSDT,ask,62500,551.841
2024-08-09 05:56:08,BTCUSDT,ask,62500,552.127
2024-08-09 05:56:10,BTCUSDT,ask,62500,552.167
2024-08-09 05:56:10,BTCUSDT,ask,62500,552.198
2024-08-09 05:56:12,BTCUSDT,ask,62500,559.006
2024-08-09 05:56:13,BTCUSDT,ask,62500,559.009
2024-08-09 05:56:14,BTCUSDT,bid,57000,558.974
2024-08-09 05:56:16,BTCUSDT,bid,57000,558.976
2024-08-09 05:56:17,BTCUSDT,bid,57000,558.974
2024-08-09 05:56:18,BTCUSDT,ask,62500,559.048
2024-08-09 05:56:18,BTCUSDT,ask,62500,559.056
2024-08-09 05:56:21,BTCUSDT,ask,62500,559.316
2024-08-09 05:56:22,BTCUSDT,ask,62500,559.318
2024-08-09 05:56:22,BTCUSDT,ask,62500,559.4
2024-08-09 05:56:23,BTCUSDT,ask,62500,559.384
2024-08-09 05:56:25,BTCUSDT,bid,57000,558.971
2024-08-09 05:56:26,BTCUSDT,bid,47500,637.207
2024-08-09 05:56:26,BTCUSDT,bid,57000,558.897
2024-08-09 05:56:26,BTCUSDT,bid,57000,558.885
2024-08-09 05:56:27,BTCUSDT,bid,57200,551.268
2024-08-09 05:56:28,BTCUSDT,bid,57000,558.865
2024-08-09 05:56:28,BTCUSDT,ask,62500,558.451
2024-08-09 05:56:29,BTCUSDT,ask,62500,558.613
2024-08-09 05:56:31,BTCUSDT,ask,62500,558.493
2024-08-09 05:56:33,BTCUSDT,ask,62500,558.439
2024-08-09 05:56:34,BTCUSDT,ask,62500,562.235
2024-08-09 05:56:35,BTCUSDT,bid,57000,558.859
2024-08-09 05:56:35,BTCUSDT,ask,62500,563.128
2024-08-09 05:56:36,BTCUSDT,ask,62500,563.127
2024-08-09 05:56:36,BTCUSDT,ask,62500,563.132
2024-08-09 05:56:37,BTCUSDT,ask,62500,563.032
2024-08-09 05:56:41,BTCUSDT,ask,62500,563.101
2024-08-09 05:56:41,BTCUSDT,ask,62500,563.103
2024-08-09 05:56:43,BTCUSDT,ask,62500,563.24
2024-08-09 05:56:46,BTCUSDT,ask,62500,562.974
2024-08-09 05:56:46,BTCUSDT,ask,62500,563.201
2024-08-09 05:56:51,BTCUSDT,bid,57000,558.861
2024-08-09 05:56:52,BTCUSDT,ask,62500,564.297
2024-08-09 05:56:52,BTCUSDT,ask,62500,567.139
2024-08-09 05:56:53,BTCUSDT,ask,62500,567.214
2024-08-09 05:56:53,BTCUSDT,ask,62500,567.207
2024-08-09 05:56:54,BTCUSDT,ask,62500,567.373
2024-08-09 05:56:55,BTCUSDT,ask,62500,567.376
2024-08-09 05:56:55,BTCUSDT,ask,62500,567.42
2024-08-09 05:56:57,BTCUSDT,ask,62500,568.42
2024-08-09 05:56:58,BTCUSDT,ask,62500,568.444
2024-08-09 05:57:00,BTCUSDT,ask,62500,568.431
2024-08-09 05:57:12,BTCUSDT,ask,62500,571.642
2024-08-09 05:57:12,BTCUSDT,ask,62500,572.063
2024-08-09 05:57:13,BTCUSDT,ask,62500,572.088
2024-08-09 05:57:13,BTCUSDT,ask,62500,572.006
2024-08-09 05:57:15,BTCUSDT,ask,62500,571.967
2024-08-09 05:57:18,BTCUSDT,ask,62500,573.038
2024-08-09 05:57:18,BTCUSDT,ask,62500,571.967
2024-08-09 05:57:19,BTCUSDT,ask,62500,572.465
2024-08-09 05:57:21,BTCUSDT,ask,62500,572.465
2024-08-09 05:57:24,BTCUSDT,ask,62500,572.237
2024-08-09 05:57:24,BTCUSDT,ask,62500,571.475
2024-08-09 05:57:25,BTCUSDT,ask,62500,571.466
2024-08-09 05:57:25,BTCUSDT,ask,62500,571.557
2024-08-09 05:57:26,BTCUSDT,ask,62500,571.559
2024-08-09 05:57:28,BTCUSDT,ask,62500,571.561
2024-08-09 05:57:28,BTCUSDT,ask,62500,571.562
2024-08-09 05:57:28,BTCUSDT,ask,62500,571.679
2024-08-09 05:57:29,BTCUSDT,ask,62500,568.839
2024-08-09 05:57:30,BTCUSDT,ask,62500,569.839
2024-08-09 05:57:30,BTCUSDT,ask,62500,569.847
2024-08-09 05:57:30,BTCUSDT,ask,62500,569.846
2024-08-09 05:57:31,BTCUSDT,ask,62500,569.915
2024-08-09 05:57:32,BTCUSDT,ask,62500,569.925
2024-08-09 05:57:33,BTCUSDT,ask,62500,571.925
2024-08-09 05:57:35,BTCUSDT,ask,62500,568.939
2024-08-09 05:57:37,BTCUSDT,ask,62500,568.862
2024-08-09 05:57:38,BTCUSDT,ask,62500,569.934
2024-08-09 05:57:38,BTCUSDT,bid,57000,559.033
2024-08-09 05:57:38,BTCUSDT,ask,62500,570.105
2024-08-09 05:57:40,BTCUSDT,ask,62500,570.098
2024-08-09 05:57:40,BTCUSDT,ask,62500,570.107
2024-08-09 05:57:43,BTCUSDT,ask,62500,569.995
2024-08-09 05:57:43,BTCUSDT,ask,62500,569.998
2024-08-09 05:57:43,BTCUSDT,ask,62500,570.0
2024-08-09 05:57:43,BTCUSDT,ask,62500,569.97
2024-08-09 05:57:43,BTCUSDT,ask,62500,570.008
2024-08-09 05:57:44,BTCUSDT,bid,57000,558.815
2024-08-09 05:57:44,BTCUSDT,ask,62500,570.006
2024-08-09 05:57:45,BTCUSDT,ask,62500,569.996
2024-08-09 05:57:45,BTCUSDT,ask,62500,569.982
2024-08-09 05:57:45,BTCUSDT,ask,62500,569.983
2024-08-09 05:57:46,BTCUSDT,ask,62500,570.014
2024-08-09 05:57:46,BTCUSDT,ask,62500,570.011
2024-08-09 05:57:47,BTCUSDT,ask,62500,570.015
2024-08-09 05:57:49,BTCUSDT,ask,62500,570.332
2024-08-09 05:57:50,BTCUSDT,ask,62500,570.805
2024-08-09 05:57:51,BTCUSDT,ask,62500,570.535
2024-08-09 05:57:51,BTCUSDT,ask,62500,570.537
2024-08-09 05:57:51,BTCUSDT,ask,62500,570.687
2024-08-09 05:57:52,BTCUSDT,bid,57000,558.802
2024-08-09 05:57:52,BTCUSDT,bid,57000,558.796
2024-08-09 05:58:19,BTCUSDT,bid,57200,551.263
2024-08-09 05:58:20,BTCUSDT,bid,57000,558.813
2024-08-09 05:58:25,BTCUSDT,bid,57000,558.725
2024-08-09 05:58:31,BTCUSDT,bid,57000,558.708
2024-08-09 05:58:33,BTCUSDT,bid,47000,859.723
2024-08-09 05:58:53,BTCUSDT,bid,57200,551.268
2024-08-09 05:58:54,BTCUSDT,bid,57000,558.71
2024-08-09 05:59:37,BTCUSDT,bid,57000,558.708
2024-08-09 05:59:46,BTCUSDT,bid,57000,558.613
2024-08-09 05:59:51,BTCUSDT,bid,57200,551.265
2024-08-09 06:00:29,BTCUSDT,bid,57000,558.615
2024-08-09 06:00:31,BTCUSDT,bid,57000,558.622
2024-08-09 06:00:38,BTCUSDT,bid,47500,636.853
2024-08-09 06:00:39,BTCUSDT,bid,57000,558.542
2024-08-09 06:00:40,BTCUSDT,bid,57000,558.545
2024-08-09 06:00:40,BTCUSDT,bid,57200,551.268
2024-08-09 06:00:41,BTCUSDT,bid,57000,558.543
2024-08-09 06:00:42,BTCUSDT,bid,57000,558.528
2024-08-09 06:00:45,BTCUSDT,bid,57000,558.526
2024-08-09 06:00:48,BTCUSDT,bid,57000,558.436
2024-08-09 06:00:55,BTCUSDT,bid,57000,558.349
2024-08-09 06:01:00,BTCUSDT,bid,57200,551.157
2024-08-09 06:01:17,BTCUSDT,bid,57000,558.157
2024-08-09 06:01:21,BTCUSDT,bid,57000,556.556
2024-08-09 06:01:24,BTCUSDT,bid,57000,556.554
2024-08-09 06:01:33,BTCUSDT,bid,57000,558.269
2024-08-09 06:01:52,BTCUSDT,bid,57000,558.272
2024-08-09 06:02:00,BTCUSDT,bid,57000,558.129
2024-08-09 06:02:03,BTCUSDT,bid,57000,558.125
2024-08-09 06:02:03,BTCUSDT,bid,57200,551.153
2024-08-09 06:02:41,BTCUSDT,bid,47000,859.702
2024-08-09 06:02:44,BTCUSDT,bid,57000,557.925
2024-08-09 06:03:06,BTCUSDT,bid,57000,557.918
2024-08-09 06:03:12,BTCUSDT,bid,57000,557.915
2024-08-09 06:03:37,BTCUSDT,bid,57200,550.24
2024-08-09 06:03:39,BTCUSDT,bid,57200,550.21
2024-08-09 06:03:39,BTCUSDT,bid,57200,550.208
2024-08-09 06:04:06,BTCUSDT,bid,57000,557.913
2024-08-09 06:04:12,BTCUSDT,bid,57000,557.582
2024-08-09 06:04:25,BTCUSDT,bid,57000,557.585
2024-08-09 06:04:33,BTCUSDT,bid,57000,557.582
2024-08-09 06:04:36,BTCUSDT,bid,57000,557.484
2024-08-09 06:04:36,BTCUSDT,bid,57200,550.139
2024-08-09 06:04:36,BTCUSDT,bid,47500,636.85
2024-08-09 06:04:46,BTCUSDT,bid,57200,550.105
2024-08-09 06:05:30,BTCUSDT,bid,47500,636.008
2024-08-09 06:05:49,BTCUSDT,bid,57000,557.494
2024-08-09 06:06:00,BTCUSDT,bid,47000,859.698
2024-08-09 06:06:00,BTCUSDT,bid,47300,806.976
2024-08-09 06:06:00,BTCUSDT,bid,47500,636.004
2024-08-09 06:06:14,BTCUSDT,bid,57000,557.484
2024-08-09 06:06:20,BTCUSDT,bid,47500,635.849
2024-08-09 06:07:17,BTCUSDT,bid,57200,550.133
2024-08-09 06:07:39,BTCUSDT,bid,57000,557.478
2024-08-09 06:07:48,BTCUSDT,bid,47000,859.779
2024-08-09 06:08:20,BTCUSDT,bid,57000,557.476
2024-08-09 06:08:23,BTCUSDT,bid,47000,859.776
2024-08-09 06:08:30,BTCUSDT,bid,57000,557.48
2024-08-09 06:08:36,BTCUSDT,bid,57200,550.141
2024-08-09 06:08:54,BTCUSDT,bid,57000,557.47
2024-08-09 06:09:08,BTCUSDT,bid,47000,859.773
2024-08-09 06:09:26,BTCUSDT,bid,57200,550.131
2024-08-09 06:09:30,BTCUSDT,bid,57000,557.445
2024-08-09 06:10:30,BTCUSDT,bid,57000,557.442
2024-08-09 06:10:31,BTCUSDT,bid,57000,557.448
2024-08-09 06:10:43,BTCUSDT,bid,57000,557.459
2024-08-09 06:11:09,BTCUSDT,bid,57000,557.453
2024-08-09 06:11:32,BTCUSDT,bid,57000,557.462
2024-08-09 06:11:34,BTCUSDT,bid,47000,859.752
2024-08-09 06:11:45,BTCUSDT,bid,57000,557.466
2024-08-09 06:12:10,BTCUSDT,bid,57000,557.456
2024-08-09 06:12:27,BTCUSDT,bid,57000,557.508
2024-08-09 06:12:50,BTCUSDT,bid,57000,557.514
2024-08-09 06:13:05,BTCUSDT,bid,57000,557.345
2024-08-09 06:13:12,BTCUSDT,bid,57000,557.339
2024-08-09 06:13:32,BTCUSDT,bid,57000,557.342
2024-08-09 06:13:43,BTCUSDT,bid,57000,557.344
2024-08-09 06:13:51,BTCUSDT,bid,57000,557.189
2024-08-09 06:14:43,BTCUSDT,bid,57000,557.181
2024-08-09 06:14:56,BTCUSDT,bid,57000,557.328
2024-08-09 06:15:29,BTCUSDT,bid,57000,557.319
2024-08-09 06:17:03,BTCUSDT,bid,47500,635.773
2024-08-09 06:17:08,BTCUSDT,bid,57000,557.325
2024-08-09 06:17:27,BTCUSDT,bid,57000,557.335
2024-08-09 06:18:05,BTCUSDT,bid,57000,557.333
2024-08-09 06:18:11,BTCUSDT,bid,57200,550.123
2024-08-09 06:18:52,BTCUSDT,bid,57000,557.36
2024-08-09 06:18:56,BTCUSDT,bid,57000,557.354
2024-08-09 06:19:44,BTCUSDT,bid,57000,557.351
2024-08-09 06:20:19,BTCUSDT,bid,57000,557.283
2024-08-09 06:21:22,BTCUSDT,bid,57200,550.056
2024-08-09 06:22:20,BTCUSDT,bid,57200,550.058
2024-08-09 06:23:00,BTCUSDT,bid,57000,557.288
2024-08-09 06:23:18,BTCUSDT,bid,57000,557.264
2024-08-09 06:23:59,BTCUSDT,bid,57000,556.512
2024-08-09 06:24:02,BTCUSDT,bid,57000,556.516
2024-08-09 06:24:12,BTCUSDT,bid,57000,556.486
2024-08-09 06:24:24,BTCUSDT,bid,57000,556.482
2024-08-09 06:24:35,BTCUSDT,bid,57000,556.392
2024-08-09 06:24:59,BTCUSDT,bid,57000,556.292
2024-08-09 06:24:59,BTCUSDT,bid,57200,549.958
2024-08-09 06:25:03,BTCUSDT,bid,47300,806.926
2024-08-09 06:25:07,BTCUSDT,bid,57200,549.964
2024-08-09 06:25:20,BTCUSDT,bid,57000,556.299
2024-08-09 06:25:58,BTCUSDT,bid,57000,556.297
2024-08-09 06:26:01,BTCUSDT,bid,57000,556.161
2024-08-09 06:26:05,BTCUSDT,bid,57000,556.164
2024-08-09 06:26:27,BTCUSDT,bid,57000,556.184
2024-08-09 06:26:52,BTCUSDT,bid,57000,556.204
2024-08-09 06:27:00,BTCUSDT,bid,57000,556.199
2024-08-09 06:27:11,BTCUSDT,bid,47500,636.773
2024-08-09 06:27:28,BTCUSDT,bid,47000,859.749
2024-08-09 06:27:28,BTCUSDT,bid,47500,636.77
2024-08-09 06:27:28,BTCUSDT,bid,57000,556.196
2024-08-09 06:27:34,BTCUSDT,bid,57000,556.193
2024-08-09 06:27:34,BTCUSDT,bid,57200,549.961
2024-08-09 06:27:44,BTCUSDT,bid,47000,859.753
2024-08-09 06:27:44,BTCUSDT,bid,47500,636.774
2024-08-09 06:27:44,BTCUSDT,bid,57000,556.196
2024-08-09 06:27:44,BTCUSDT,bid,57000,556.2
2024-08-09 06:28:21,BTCUSDT,bid,57000,556.4
2024-08-09 06:28:29,BTCUSDT,bid,57000,556.565
2024-08-09 06:28:55,BTCUSDT,bid,57000,556.365
2024-08-09 06:28:59,BTCUSDT,bid,47000,859.77
2024-08-09 06:29:29,BTCUSDT,bid,60700,906.031
2024-08-09 06:29:57,BTCUSDT,bid,57000,556.352
2024-08-09 06:30:41,BTCUSDT,bid,57000,556.345
2024-08-09 06:31:01,BTCUSDT,bid,57200,547.143
2024-08-09 06:31:20,BTCUSDT,bid,57000,556.293
2024-08-09 06:31:20,BTCUSDT,bid,57200,547.091
2024-08-09 06:31:56,BTCUSDT,bid,57000,556.305
2024-08-09 06:32:00,BTCUSDT,bid,57000,556.577
2024-08-09 06:32:16,BTCUSDT,bid,60500,907.879
2024-08-09 06:32:17,BTCUSDT,bid,57000,556.578
2024-08-09 06:32:37,BTCUSDT,bid,57200,547.089
2024-08-09 06:32:38,BTCUSDT,bid,57000,556.576
2024-08-09 06:32:46,BTCUSDT,bid,57000,556.304
2024-08-09 06:32:52,BTCUSDT,bid,57000,556.384
2024-08-09 06:33:12,BTCUSDT,bid,57200,547.419
2024-08-09 06:33:51,BTCUSDT,bid,57000,556.352
2024-08-09 06:34:30,BTCUSDT,bid,60600,907.11
2024-08-09 06:34:43,BTCUSDT,bid,57000,556.362
2024-08-09 06:35:08,BTCUSDT,bid,57000,556.352
2024-08-09 06:35:29,BTCUSDT,bid,47000,859.753
2024-08-09 06:35:33,BTCUSDT,bid,60500,1135.306
2024-08-09 06:35:43,BTCUSDT,bid,57000,556.35
2024-08-09 06:36:04,BTCUSDT,bid,57200,547.416
2024-08-09 06:36:06,BTCUSDT,bid,57000,556.319
2024-08-09 06:36:12,BTCUSDT,bid,47000,859.792
2024-08-09 06:36:22,BTCUSDT,bid,57000,556.555
2024-08-09 06:36:40,BTCUSDT,bid,47500,637.277
2024-08-09 06:36:41,BTCUSDT,bid,57200,547.086
2024-08-09 06:36:43,BTCUSDT,bid,57000,556.551
2024-08-09 06:37:04,BTCUSDT,bid,57000,556.539
2024-08-09 06:37:17,BTCUSDT,bid,57000,556.568
2024-08-09 06:37:18,BTCUSDT,bid,57000,556.899
2024-08-09 06:37:18,BTCUSDT,bid,57000,556.914
2024-08-09 06:38:32,BTCUSDT,bid,57000,556.414
2024-08-09 06:38:39,BTCUSDT,bid,57200,547.097
2024-08-09 06:38:59,BTCUSDT,bid,57000,556.416
2024-08-09 06:39:10,BTCUSDT,bid,57000,556.448
2024-08-09 06:40:21,BTCUSDT,bid,57000,556.398
2024-08-09 06:41:23,BTCUSDT,bid,57000,556.384
2024-08-09 06:41:35,BTCUSDT,bid,57000,556.387
2024-08-09 06:43:06,BTCUSDT,bid,57000,556.36
2024-08-09 06:43:16,BTCUSDT,bid,47500,637.273
2024-08-09 06:43:28,BTCUSDT,bid,57000,556.213
2024-08-09 06:43:42,BTCUSDT,ask,62000,500.643
2024-08-09 06:43:53,BTCUSDT,ask,62100,500.944
2024-08-09 06:43:56,BTCUSDT,ask,62100,500.946
2024-08-09 06:44:05,BTCUSDT,ask,62200,508.566
2024-08-09 06:44:10,BTCUSDT,ask,62100,500.934
2024-08-09 06:44:11,BTCUSDT,ask,62000,500.013
2024-08-09 06:44:11,BTCUSDT,ask,62000,500.011
2024-08-09 06:44:13,BTCUSDT,ask,62200,508.573
2024-08-09 06:44:19,BTCUSDT,ask,62300,553.715
2024-08-09 06:44:20,BTCUSDT,ask,62100,500.884
2024-08-09 06:44:21,BTCUSDT,ask,62000,500.017
2024-08-09 06:44:29,BTCUSDT,ask,62400,503.345
2024-08-09 06:44:32,BTCUSDT,ask,62100,500.914
2024-08-09 06:44:34,BTCUSDT,ask,62100,500.922
2024-08-09 06:44:35,BTCUSDT,ask,62300,505.528
2024-08-09 06:44:37,BTCUSDT,ask,62200,508.479
2024-08-09 06:44:37,BTCUSDT,ask,62500,527.351
2024-08-09 06:44:40,BTCUSDT,ask,62300,505.576
2024-08-09 06:44:42,BTCUSDT,ask,62100,500.832
2024-08-09 06:44:43,BTCUSDT,ask,62500,527.406
2024-08-09 06:44:44,BTCUSDT,ask,62300,505.597
2024-08-09 06:44:44,BTCUSDT,ask,62300,505.677
2024-08-09 06:44:45,BTCUSDT,ask,62500,527.501
2024-08-09 06:44:46,BTCUSDT,ask,62300,505.765
2024-08-09 06:44:55,BTCUSDT,ask,62100,501.189
2024-08-09 06:44:56,BTCUSDT,bid,57000,556.216
2024-08-09 06:44:57,BTCUSDT,ask,62100,501.201
2024-08-09 06:45:00,BTCUSDT,ask,62400,503.355
2024-08-09 06:45:06,BTCUSDT,ask,62500,527.601
2024-08-09 06:45:08,BTCUSDT,ask,62300,505.733
2024-08-09 06:45:11,BTCUSDT,ask,62100,501.203
2024-08-09 06:45:14,BTCUSDT,ask,62500,527.894
2024-08-09 06:45:17,BTCUSDT,ask,62500,527.877
2024-08-09 06:45:20,BTCUSDT,ask,62100,501.329
2024-08-09 06:45:21,BTCUSDT,ask,62000,502.853
2024-08-09 06:45:23,BTCUSDT,ask,62500,527.879
2024-08-09 06:45:25,BTCUSDT,ask,62300,505.74
2024-08-09 06:45:26,BTCUSDT,ask,62500,527.813
2024-08-09 06:45:28,BTCUSDT,ask,62000,502.709
2024-08-09 06:45:30,BTCUSDT,ask,62100,500.972
2024-08-09 06:45:32,BTCUSDT,bid,57000,556.213
2024-08-09 06:45:33,BTCUSDT,ask,62300,505.75
2024-08-09 06:45:34,BTCUSDT,ask,62000,502.55
2024-08-09 06:45:35,BTCUSDT,ask,62500,522.077
2024-08-09 06:45:38,BTCUSDT,ask,62000,502.767
2024-08-09 06:45:41,BTCUSDT,ask,62000,502.767
2024-08-09 06:45:43,BTCUSDT,ask,62000,502.726
2024-08-09 06:45:45,BTCUSDT,ask,62000,502.746
2024-08-09 06:45:46,BTCUSDT,ask,62000,502.795
2024-08-09 06:45:47,BTCUSDT,ask,62000,502.805
2024-08-09 06:45:47,BTCUSDT,ask,62000,502.829
2024-08-09 06:45:47,BTCUSDT,ask,62000,502.749
2024-08-09 06:45:47,BTCUSDT,ask,62200,508.495
2024-08-09 06:45:47,BTCUSDT,ask,62500,522.064
2024-08-09 06:45:48,BTCUSDT,ask,62100,500.942
2024-08-09 06:45:50,BTCUSDT,ask,62400,503.555
2024-08-09 06:45:51,BTCUSDT,ask,62500,522.048
2024-08-09 06:45:51,BTCUSDT,ask,62000,502.747
2024-08-09 06:45:52,BTCUSDT,ask,62300,505.846
2024-08-09 06:45:53,BTCUSDT,ask,62000,502.74
2024-08-09 06:45:53,BTCUSDT,ask,62200,508.501
2024-08-09 06:45:53,BTCUSDT,bid,57000,556.073
2024-08-09 06:45:53,BTCUSDT,ask,62000,502.658
2024-08-09 06:45:54,BTCUSDT,ask,62000,502.609
2024-08-09 06:45:55,BTCUSDT,ask,62500,522.059
2024-08-09 06:45:55,BTCUSDT,ask,62500,521.548
2024-08-09 06:45:56,BTCUSDT,ask,62000,502.611
2024-08-09 06:45:56,BTCUSDT,ask,62000,502.643
2024-08-09 06:45:59,BTCUSDT,ask,62500,520.598
2024-08-09 06:46:00,BTCUSDT,ask,62500,521.688
2024-08-09 06:46:04,BTCUSDT,ask,62100,500.974
2024-08-09 06:46:04,BTCUSDT,ask,62000,502.905
2024-08-09 06:46:04,BTCUSDT,ask,62500,521.385
2024-08-09 06:46:05,BTCUSDT,ask,62400,503.571
2024-08-09 06:46:05,BTCUSDT,ask,62500,520.593
2024-08-09 06:46:05,BTCUSDT,ask,62500,520.878
2024-08-09 06:46:09,BTCUSDT,ask,62000,502.923
2024-08-09 06:46:10,BTCUSDT,ask,62300,505.839
2024-08-09 06:46:13,BTCUSDT,ask,62100,500.929
2024-08-09 06:46:22,BTCUSDT,ask,62000,503.275
2024-08-09 06:46:29,BTCUSDT,ask,62000,503.275
2024-08-09 06:46:30,BTCUSDT,ask,62000,503.334
2024-08-09 06:46:31,BTCUSDT,ask,62200,508.499
2024-08-09 06:46:32,BTCUSDT,ask,62300,505.889
2024-08-09 06:46:35,BTCUSDT,ask,62000,503.338
2024-08-09 06:46:36,BTCUSDT,ask,62000,503.37
2024-08-09 06:46:37,BTCUSDT,ask,62000,503.368
2024-08-09 06:46:38,BTCUSDT,ask,62000,503.286
2024-08-09 06:46:40,BTCUSDT,bid,57200,547.08
2024-08-09 06:46:43,BTCUSDT,ask,62200,508.596
2024-08-09 06:46:45,BTCUSDT,bid,57000,556.098
2024-08-09 06:46:48,BTCUSDT,ask,62300,505.839
2024-08-09 06:46:50,BTCUSDT,ask,62200,508.499
2024-08-09 06:46:52,BTCUSDT,ask,62000,503.73
2024-08-09 06:46:53,BTCUSDT,ask,62000,503.731
2024-08-09 06:46:54,BTCUSDT,ask,62500,520.915
2024-08-09 06:46:54,BTCUSDT,bid,57000,556.095
2024-08-09 06:46:54,BTCUSDT,ask,62400,503.611
2024-08-09 06:46:57,BTCUSDT,ask,62300,505.863
2024-08-09 06:46:59,BTCUSDT,ask,62200,508.596
2024-08-09 06:47:00,BTCUSDT,ask,62000,503.817
2024-08-09 06:47:02,BTCUSDT,ask,62000,503.863
2024-08-09 06:47:04,BTCUSDT,ask,62000,503.918
2024-08-09 06:47:07,BTCUSDT,ask,62100,500.936
2024-08-09 06:47:07,BTCUSDT,ask,62500,521.307
2024-08-09 06:47:07,BTCUSDT,ask,62000,503.916
2024-08-09 06:47:09,BTCUSDT,ask,62000,503.891
2024-08-09 06:47:11,BTCUSDT,ask,62200,508.499
2024-08-09 06:47:13,BTCUSDT,ask,62000,503.971
2024-08-09 06:47:15,BTCUSDT,ask,62200,508.49
2024-08-09 06:47:17,BTCUSDT,ask,62100,500.937
2024-08-09 06:47:25,BTCUSDT,ask,62200,508.491
2024-08-09 06:47:26,BTCUSDT,ask,62000,503.977
2024-08-09 06:47:26,BTCUSDT,ask,62100,500.962
2024-08-09 06:47:28,BTCUSDT,ask,62000,503.982
2024-08-09 06:47:28,BTCUSDT,ask,62000,504.482
2024-08-09 06:47:32,BTCUSDT,ask,62000,504.485
2024-08-09 06:47:32,BTCUSDT,ask,62000,504.491
2024-08-09 06:47:34,BTCUSDT,ask,62200,508.57
2024-08-09 06:47:35,BTCUSDT,ask,62000,504.487
2024-08-09 06:47:37,BTCUSDT,ask,62400,503.615
2024-08-09 06:47:43,BTCUSDT,bid,47500,637.268
2024-08-09 06:47:45,BTCUSDT,ask,62200,508.668
2024-08-09 06:47:47,BTCUSDT,ask,62400,503.795
2024-08-09 06:47:48,BTCUSDT,ask,62400,503.755
2024-08-09 06:47:48,BTCUSDT,ask,62000,504.648
2024-08-09 06:47:49,BTCUSDT,ask,62000,504.654
2024-08-09 06:47:52,BTCUSDT,ask,62500,521.278
2024-08-09 06:47:55,BTCUSDT,ask,62000,504.649
2024-08-09 06:47:57,BTCUSDT,ask,62000,505.687
2024-08-09 06:47:57,BTCUSDT,ask,62000,505.667
2024-08-09 06:47:57,BTCUSDT,ask,62500,521.284
2024-08-09 06:47:58,BTCUSDT,ask,62500,521.274
2024-08-09 06:47:58,BTCUSDT,ask,62400,503.756
2024-08-09 06:48:01,BTCUSDT,ask,62300,505.932
2024-08-09 06:48:03,BTCUSDT,ask,62100,500.964
2024-08-09 06:48:05,BTCUSDT,ask,62100,501.232
2024-08-09 06:48:08,BTCUSDT,bid,57000,556.045
2024-08-09 06:48:09,BTCUSDT,ask,62000,505.767
2024-08-09 06:48:10,BTCUSDT,ask,62000,505.267
2024-08-09 06:48:10,BTCUSDT,ask,62000,505.277
2024-08-09 06:48:11,BTCUSDT,ask,62000,505.279
2024-08-09 06:48:21,BTCUSDT,ask,62500,521.742
2024-08-09 06:48:23,BTCUSDT,ask,62000,505.247
2024-08-09 06:48:25,BTCUSDT,bid,57200,547.078
2024-08-09 06:48:25,BTCUSDT,ask,62300,505.962
2024-08-09 06:48:26,BTCUSDT,ask,62500,521.695
2024-08-09 06:48:26,BTCUSDT,ask,62500,521.714
2024-08-09 06:48:28,BTCUSDT,ask,62000,505.149
2024-08-09 06:48:33,BTCUSDT,ask,62000,505.198
2024-08-09 06:48:35,BTCUSDT,ask,62000,505.149
2024-08-09 06:48:41,BTCUSDT,ask,62100,501.152
2024-08-09 06:48:44,BTCUSDT,ask,62000,508.664
2024-08-09 06:48:45,BTCUSDT,ask,62300,505.958
2024-08-09 06:48:47,BTCUSDT,ask,62000,508.668
2024-08-09 06:48:52,BTCUSDT,ask,62500,521.724
2024-08-09 06:48:53,BTCUSDT,ask,62000,508.67
2024-08-09 06:48:54,BTCUSDT,ask,62400,503.821
2024-08-09 06:48:56,BTCUSDT,ask,62000,508.672
2024-08-09 06:48:56,BTCUSDT,ask,62500,521.726
2024-08-09 06:49:00,BTCUSDT,ask,62000,508.721
