2024-08-08 00:00:00,ETHUSDT,ask,2410,10148.232
2024-08-08 00:00:04,ETHUSDT,bid,2290,4874.928
2024-08-08 00:00:06,ETHUSDT,bid,2290,4874.939
2024-08-08 00:00:11,ETHUSDT,bid,2290,4874.928
2024-08-08 00:01:20,ETHUSDT,bid,2290,4874.917
2024-08-08 00:01:39,ETHUSDT,bid,1960,5147.771
2024-08-08 00:01:57,ETHUSDT,bid,2290,4874.906
2024-08-08 00:02:08,ETHUSDT,bid,2290,4874.895
2024-08-08 00:02:13,ETHUSDT,bid,2290,4875.659
2024-08-08 00:03:31,ETHUSDT,bid,2270,4485.275
2024-08-08 00:03:56,ETHUSDT,bid,2250,4568.045
2024-08-08 00:06:38,ETHUSDT,bid,2270,4485.227
2024-08-08 00:06:47,ETHUSDT,bid,2290,4877.314
2024-08-08 00:08:29,ETHUSDT,bid,2230,4521.896
2024-08-08 00:08:31,ETHUSDT,bid,2290,4875.659
2024-08-08 00:08:59,ETHUSDT,bid,2290,4875.67
2024-08-08 00:09:16,ETHUSDT,bid,2250,4564.918
2024-08-08 00:09:43,ETHUSDT,ask,4000,2852.581
2024-08-08 00:10:49,ETHUSDT,bid,2290,4875.681
2024-08-08 00:12:24,ETHUSDT,bid,1700,6123.828
2024-08-08 00:13:37,ETHUSDT,bid,2270,4485.236
2024-08-08 00:14:04,ETHUSDT,bid,2270,4486.744
2024-08-08 00:14:58,ETHUSDT,bid,1710,5880.976
2024-08-08 00:15:09,ETHUSDT,bid,2290,4875.831
2024-08-08 00:15:43,ETHUSDT,bid,2290,4875.781
2024-08-08 00:16:36,ETHUSDT,bid,2270,4485.236
2024-08-08 00:16:46,ETHUSDT,bid,2290,4875.681
2024-08-08 00:16:56,ETHUSDT,bid,1700,6124.828
2024-08-08 00:17:33,ETHUSDT,bid,2250,4568.044
2024-08-08 00:18:00,ETHUSDT,bid,1700,6125.122
2024-08-08 00:18:02,ETHUSDT,bid,2270,4533.104
2024-08-08 00:18:09,ETHUSDT,bid,2270,4533.189
2024-08-08 00:18:20,ETHUSDT,bid,2290,4897.278
2024-08-08 00:18:35,ETHUSDT,bid,2270,4485.321
2024-08-08 00:18:37,ETHUSDT,bid,2290,4875.681
2024-08-08 00:19:06,ETHUSDT,bid,2270,4485.236
2024-08-08 00:19:45,ETHUSDT,bid,1700,6107.804
2024-08-08 00:20:06,ETHUSDT,bid,1950,5131.938
2024-08-08 00:20:46,ETHUSDT,bid,2250,4564.918
2024-08-08 00:21:11,ETHUSDT,bid,1700,6108.304
2024-08-08 00:21:11,ETHUSDT,bid,2270,4485.456
2024-08-08 00:21:22,ETHUSDT,bid,2270,4485.477
2024-08-08 00:21:23,ETHUSDT,bid,2270,4485.501
2024-08-08 00:21:55,ETHUSDT,bid,2230,4517.202
2024-08-08 00:21:56,ETHUSDT,bid,2250,4565.295
2024-08-08 00:22:41,ETHUSDT,bid,1680,6017.711
2024-08-08 00:22:41,ETHUSDT,bid,1700,6107.804
2024-08-08 00:24:32,ETHUSDT,bid,2280,4545.493
2024-08-08 00:24:42,ETHUSDT,bid,2290,4875.66
2024-08-08 00:24:52,ETHUSDT,bid,2250,4564.918
2024-08-08 00:24:55,ETHUSDT,ask,2730,3675.11
2024-08-08 00:24:55,ETHUSDT,ask,2390,10082.323
2024-08-08 00:25:04,ETHUSDT,bid,2250,4565.632
2024-08-08 00:25:58,ETHUSDT,bid,1950,5131.573
2024-08-08 00:26:23,ETHUSDT,ask,2390,10037.432
2024-08-08 00:26:33,ETHUSDT,bid,2280,4545.493
2024-08-08 00:26:34,ETHUSDT,bid,2280,4545.493
2024-08-08 00:26:38,ETHUSDT,bid,2270,4484.516
2024-08-08 00:27:20,ETHUSDT,ask,2390,10087.894
2024-08-08 00:27:48,ETHUSDT,ask,2390,10037.894
2024-08-08 00:28:03,ETHUSDT,bid,2280,4550.916
2024-08-08 00:28:03,ETHUSDT,bid,2280,4545.493
2024-08-08 00:28:06,ETHUSDT,bid,2280,4545.493
2024-08-08 00:28:21,ETHUSDT,bid,2290,4875.649
2024-08-08 00:28:31,ETHUSDT,bid,2280,4545.984
2024-08-08 00:28:32,ETHUSDT,bid,2280,4546.606
2024-08-08 00:28:32,ETHUSDT,bid,2280,4546.606
2024-08-08 00:28:33,ETHUSDT,bid,2280,4546.606
2024-08-08 00:28:34,ETHUSDT,bid,2280,4545.493
2024-08-08 00:28:50,ETHUSDT,bid,2280,4546.134
2024-08-08 00:28:52,ETHUSDT,bid,2280,4545.504
2024-08-08 00:30:00,ETHUSDT,ask,2390,10036.882
2024-08-08 00:30:23,ETHUSDT,bid,2270,4484.526
2024-08-08 00:30:36,ETHUSDT,bid,2270,4484.554
2024-08-08 00:31:09,ETHUSDT,ask,2390,10037.194
2024-08-08 00:31:34,ETHUSDT,bid,2290,4880.149
2024-08-08 00:31:36,ETHUSDT,bid,1680,6041.022
2024-08-08 00:31:40,ETHUSDT,bid,2290,4875.649
2024-08-08 00:31:48,ETHUSDT,bid,2270,4456.054
2024-08-08 00:32:15,ETHUSDT,bid,2280,4545.515
2024-08-08 00:32:16,ETHUSDT,bid,2280,4545.526
2024-08-08 00:32:16,ETHUSDT,bid,2270,4456.033
2024-08-08 00:32:16,ETHUSDT,bid,2280,4546.018
2024-08-08 00:32:27,ETHUSDT,bid,2280,4545.526
2024-08-08 00:32:42,ETHUSDT,ask,2680,3843.418
2024-08-08 00:32:47,ETHUSDT,ask,2390,10037.214
2024-08-08 00:33:03,ETHUSDT,bid,2270,4458.533
2024-08-08 00:33:06,ETHUSDT,ask,2390,10037.234
2024-08-08 00:33:07,ETHUSDT,ask,2390,10037.244
2024-08-08 00:33:19,ETHUSDT,ask,2390,10037.224
2024-08-08 00:33:19,ETHUSDT,ask,2390,10037.234
2024-08-08 00:33:19,ETHUSDT,ask,2390,10037.244
2024-08-08 00:33:19,ETHUSDT,ask,2390,10037.254
2024-08-08 00:33:29,ETHUSDT,ask,2390,10037.203
2024-08-08 00:33:47,ETHUSDT,ask,4000,2687.554
2024-08-08 00:33:58,ETHUSDT,ask,2390,10037.508
2024-08-08 00:35:09,ETHUSDT,bid,2290,4875.638
2024-08-08 00:35:16,ETHUSDT,bid,1680,6017.711
2024-08-08 00:35:33,ETHUSDT,bid,1700,6107.51
2024-08-08 00:36:33,ETHUSDT,bid,1700,6107.522
2024-08-08 00:37:05,ETHUSDT,bid,1700,6107.322
2024-08-08 00:37:48,ETHUSDT,bid,2270,4458.555
2024-08-08 00:37:52,ETHUSDT,bid,2280,4554.775
2024-08-08 00:37:52,ETHUSDT,bid,2280,4545.526
2024-08-08 00:37:59,ETHUSDT,bid,2280,4545.526
2024-08-08 00:38:55,ETHUSDT,bid,2270,4458.609
2024-08-08 00:39:08,ETHUSDT,bid,2280,4545.537
2024-08-08 00:39:58,ETHUSDT,bid,2270,4459.609
2024-08-08 00:40:50,ETHUSDT,ask,2680,3842.955
2024-08-08 00:41:56,ETHUSDT,bid,2270,4457.109
2024-08-08 00:43:22,ETHUSDT,bid,2290,4875.856
2024-08-08 00:43:23,ETHUSDT,bid,2280,4545.756
2024-08-08 00:43:31,ETHUSDT,bid,2290,4877.356
2024-08-08 00:43:54,ETHUSDT,bid,2280,4545.537
2024-08-08 00:43:54,ETHUSDT,bid,2290,4877.138
2024-08-08 00:46:11,ETHUSDT,bid,1700,6107.922
2024-08-08 00:46:53,ETHUSDT,bid,2290,4877.188
2024-08-08 00:53:51,ETHUSDT,bid,2280,4545.314
2024-08-08 00:58:46,ETHUSDT,bid,1960,5147.759
2024-08-08 00:58:53,ETHUSDT,bid,2270,4457.912
2024-08-08 00:59:04,ETHUSDT,bid,2270,4457.109
2024-08-08 00:59:14,ETHUSDT,bid,2230,4517.302
2024-08-08 01:00:22,ETHUSDT,bid,1950,5131.138
2024-08-08 01:01:01,ETHUSDT,bid,2250,4578.959
2024-08-08 01:01:02,ETHUSDT,bid,2250,4565.632
2024-08-08 01:01:16,ETHUSDT,bid,1680,6017.183
2024-08-08 01:01:45,ETHUSDT,bid,2250,4468.016
2024-08-08 01:01:47,ETHUSDT,bid,2280,4571.618
2024-08-08 01:01:47,ETHUSDT,bid,2270,4483.482
2024-08-08 01:01:47,ETHUSDT,bid,2270,4457.109
2024-08-08 01:01:47,ETHUSDT,bid,2280,4545.314
2024-08-08 01:02:55,ETHUSDT,bid,2270,4457.548
2024-08-08 01:03:27,ETHUSDT,bid,2290,4877.208
2024-08-08 01:03:30,ETHUSDT,bid,2270,4458.348
2024-08-08 01:03:31,ETHUSDT,bid,2230,4517.398
2024-08-08 01:03:35,ETHUSDT,bid,2280,4546.314
2024-08-08 01:05:06,ETHUSDT,bid,2230,4517.302
2024-08-08 01:06:12,ETHUSDT,bid,2270,4457.03
2024-08-08 01:07:27,ETHUSDT,bid,1700,6107.959
2024-08-08 01:07:27,ETHUSDT,bid,2270,4457.067
2024-08-08 01:07:54,ETHUSDT,ask,4000,2585.005
2024-08-08 01:09:19,ETHUSDT,bid,2290,4878.864
2024-08-08 01:10:58,ETHUSDT,bid,1700,6109.724
2024-08-08 01:13:55,ETHUSDT,bid,2270,4457.317
2024-08-08 01:14:07,ETHUSDT,bid,1960,5147.859
2024-08-08 01:15:19,ETHUSDT,bid,2360,8390.131
2024-08-08 01:15:19,ETHUSDT,bid,2360,8388.07
2024-08-08 01:15:24,ETHUSDT,bid,2360,8388.058
2024-08-08 01:15:25,ETHUSDT,bid,2360,8404.938
2024-08-08 01:15:25,ETHUSDT,bid,2360,8409.058
2024-08-08 01:15:28,ETHUSDT,bid,2360,8404.938
2024-08-08 01:15:55,ETHUSDT,bid,2360,8362.029
2024-08-08 01:16:06,ETHUSDT,bid,2360,4241.771
2024-08-08 01:16:08,ETHUSDT,bid,2360,4239.755
2024-08-08 01:16:08,ETHUSDT,bid,2360,4235.926
2024-08-08 01:16:26,ETHUSDT,bid,1950,5127.969
2024-08-08 01:16:39,ETHUSDT,bid,2250,4469.596
2024-08-08 01:16:54,ETHUSDT,bid,2270,4458.436
2024-08-08 01:16:55,ETHUSDT,bid,2270,4457.944
2024-08-08 01:16:57,ETHUSDT,bid,1950,5129.793
2024-08-08 01:17:00,ETHUSDT,bid,2270,4457.317
2024-08-08 01:17:02,ETHUSDT,bid,2280,4550.814
2024-08-08 01:17:08,ETHUSDT,bid,2280,4546.314
2024-08-08 01:17:21,ETHUSDT,bid,1710,5881.076
2024-08-08 01:17:35,ETHUSDT,bid,2360,4235.809
2024-08-08 01:17:35,ETHUSDT,bid,2360,4261.671
2024-08-08 01:17:36,ETHUSDT,bid,2360,4236.126
2024-08-08 01:17:36,ETHUSDT,bid,2360,4240.325
2024-08-08 01:17:37,ETHUSDT,bid,2290,4378.864
2024-08-08 01:17:37,ETHUSDT,bid,2360,4238.601
2024-08-08 01:17:37,ETHUSDT,bid,2360,4236.607
2024-08-08 01:17:41,ETHUSDT,bid,2360,4251.107
2024-08-08 01:17:45,ETHUSDT,bid,2360,4235.259
2024-08-08 01:17:45,ETHUSDT,bid,1700,6110.724
2024-08-08 01:17:47,ETHUSDT,bid,2280,4549.114
2024-08-08 01:17:54,ETHUSDT,bid,2360,4237.629
2024-08-08 01:18:08,ETHUSDT,bid,2270,4457.808
2024-08-08 01:18:08,ETHUSDT,bid,2270,4457.317
2024-08-08 01:18:20,ETHUSDT,bid,2360,4240.657
2024-08-08 01:18:28,ETHUSDT,bid,2360,4256.734
2024-08-08 01:19:06,ETHUSDT,bid,2290,4405.042
2024-08-08 01:19:06,ETHUSDT,bid,2290,4378.864
2024-08-08 01:19:28,ETHUSDT,bid,2280,4545.114
2024-08-08 01:19:36,ETHUSDT,bid,2280,4545.103
2024-08-08 01:19:36,ETHUSDT,bid,2290,4378.853
2024-08-08 01:19:57,ETHUSDT,bid,1700,6111.097
2024-08-08 01:20:05,ETHUSDT,bid,2250,4469.716
2024-08-08 01:20:31,ETHUSDT,bid,2250,4469.596
2024-08-08 01:20:40,ETHUSDT,bid,1700,6111.197
2024-08-08 01:20:51,ETHUSDT,ask,2910,3440.876
2024-08-08 01:20:55,ETHUSDT,bid,2250,4469.716
2024-08-08 01:21:10,ETHUSDT,bid,2280,4545.322
2024-08-08 01:22:22,ETHUSDT,bid,2290,4392.834
2024-08-08 01:23:04,ETHUSDT,bid,2250,4469.76
2024-08-08 01:23:49,ETHUSDT,bid,2250,4469.64
2024-08-08 01:25:50,ETHUSDT,bid,2230,4517.352
2024-08-08 01:26:21,ETHUSDT,bid,2270,4457.317
2024-08-08 01:27:38,ETHUSDT,bid,2270,4457.317
2024-08-08 01:27:40,ETHUSDT,bid,2270,4457.317
2024-08-08 01:27:45,ETHUSDT,bid,2360,4224.265
2024-08-08 01:27:49,ETHUSDT,bid,2360,4223.858
2024-08-08 01:28:47,ETHUSDT,bid,1940,5407.81
2024-08-08 01:28:53,ETHUSDT,bid,2250,4469.688
2024-08-08 01:29:13,ETHUSDT,bid,2350,4242.653
2024-08-08 01:29:33,ETHUSDT,bid,2350,4266.141
2024-08-08 01:30:07,ETHUSDT,bid,1940,5407.14
2024-08-08 01:31:32,ETHUSDT,ask,2680,3822.131
2024-08-08 01:31:44,ETHUSDT,bid,2230,4517.8
2024-08-08 01:32:35,ETHUSDT,bid,1700,6111.432
2024-08-08 01:32:42,ETHUSDT,bid,2250,4470.062
2024-08-08 01:32:46,ETHUSDT,bid,2290,4397.633
2024-08-08 01:32:51,ETHUSDT,bid,2290,4397.633
2024-08-08 01:32:54,ETHUSDT,bid,2290,4402.432
2024-08-08 01:32:56,ETHUSDT,bid,2290,4397.633
2024-08-08 01:32:58,ETHUSDT,bid,2290,4392.834
2024-08-08 01:33:08,ETHUSDT,bid,2270,4467.317
2024-08-08 01:33:15,ETHUSDT,bid,2290,4397.633
2024-08-08 01:33:19,ETHUSDT,bid,2290,4392.834
2024-08-08 01:33:46,ETHUSDT,bid,2270,4467.53
2024-08-08 01:33:49,ETHUSDT,bid,2290,4391.334
2024-08-08 01:33:58,ETHUSDT,bid,2250,4471.172
2024-08-08 01:34:01,ETHUSDT,bid,2290,4445.326
2024-08-08 01:34:09,ETHUSDT,bid,2290,4391.334
2024-08-08 01:34:09,ETHUSDT,bid,2290,4391.834
2024-08-08 01:34:37,ETHUSDT,bid,2290,4391.949
2024-08-08 01:34:40,ETHUSDT,bid,1950,5130.495
2024-08-08 01:34:48,ETHUSDT,bid,2280,4548.144
2024-08-08 01:35:24,ETHUSDT,bid,2280,4552.964
2024-08-08 01:35:24,ETHUSDT,bid,2290,4396.949
2024-08-08 01:35:32,ETHUSDT,bid,2230,4518.8
2024-08-08 01:36:08,ETHUSDT,bid,2290,4410.033
2024-08-08 01:36:14,ETHUSDT,bid,2280,4548.144
2024-08-08 01:36:21,ETHUSDT,bid,2250,4471.172
2024-08-08 01:36:21,ETHUSDT,bid,2250,4480.29
2024-08-08 01:36:21,ETHUSDT,bid,2250,4471.172
2024-08-08 01:36:21,ETHUSDT,bid,2250,4471.172
2024-08-08 01:36:22,ETHUSDT,bid,2250,4485.831
2024-08-08 01:36:37,ETHUSDT,bid,2290,4464.025
2024-08-08 01:36:56,ETHUSDT,bid,2290,4410.033
2024-08-08 01:37:04,ETHUSDT,bid,2250,4484.721
2024-08-08 01:37:08,ETHUSDT,bid,2290,4422.865
2024-08-08 01:37:08,ETHUSDT,bid,2290,4440.142
2024-08-08 01:37:08,ETHUSDT,bid,2290,4461.739
2024-08-08 01:37:11,ETHUSDT,bid,2290,4547.286
2024-08-08 01:37:14,ETHUSDT,bid,2290,4525.689
2024-08-08 01:37:30,ETHUSDT,bid,2270,4467.95
2024-08-08 01:37:37,ETHUSDT,bid,2270,4467.961
2024-08-08 01:37:37,ETHUSDT,bid,2270,4468.272
2024-08-08 01:37:53,ETHUSDT,bid,2250,4484.994
2024-08-08 01:37:53,ETHUSDT,bid,2270,4468.472
2024-08-08 01:37:53,ETHUSDT,bid,2280,4548.326
2024-08-08 01:38:00,ETHUSDT,bid,2250,4484.721
2024-08-08 01:38:00,ETHUSDT,bid,2270,4468.272
2024-08-08 01:38:00,ETHUSDT,bid,2280,4548.144
2024-08-08 01:38:30,ETHUSDT,bid,2230,4519.043
2024-08-08 01:38:32,ETHUSDT,bid,2270,4477.063
2024-08-08 01:38:58,ETHUSDT,bid,2230,4518.147
2024-08-08 01:38:59,ETHUSDT,bid,1700,6111.807
2024-08-08 01:39:07,ETHUSDT,bid,2250,4511.375
2024-08-08 01:39:07,ETHUSDT,bid,2250,4484.721
2024-08-08 01:39:37,ETHUSDT,bid,2270,4476.624
2024-08-08 01:39:40,ETHUSDT,bid,2250,4485.219
2024-08-08 01:39:42,ETHUSDT,bid,2290,4508.412
2024-08-08 01:39:43,ETHUSDT,bid,2290,4482.496
2024-08-08 01:39:44,ETHUSDT,bid,2250,4484.721
2024-08-08 01:40:05,ETHUSDT,bid,1950,5130.274
2024-08-08 01:40:17,ETHUSDT,bid,2270,4476.587
2024-08-08 01:40:30,ETHUSDT,bid,2280,4538.144
2024-08-08 01:40:42,ETHUSDT,bid,2230,4519.548
2024-08-08 01:41:09,ETHUSDT,bid,1700,6108.807
2024-08-08 01:41:30,ETHUSDT,bid,2280,4541.144
2024-08-08 01:42:00,ETHUSDT,bid,2290,4396.949
2024-08-08 01:42:01,ETHUSDT,bid,2290,4482.533
2024-08-08 01:42:11,ETHUSDT,bid,2270,4476.167
2024-08-08 01:42:12,ETHUSDT,bid,2290,4482.522
2024-08-08 01:42:19,ETHUSDT,bid,2270,4476.794
2024-08-08 01:43:03,ETHUSDT,bid,2270,4476.828
2024-08-08 01:43:40,ETHUSDT,bid,1950,5149.128
2024-08-08 01:44:05,ETHUSDT,bid,1950,5129.793
2024-08-08 01:44:12,ETHUSDT,bid,1950,5139.46
2024-08-08 01:44:20,ETHUSDT,bid,1950,5129.793
2024-08-08 01:44:48,ETHUSDT,bid,1700,6108.767
2024-08-08 01:44:56,ETHUSDT,bid,2250,4485.23
2024-08-08 01:44:56,ETHUSDT,bid,2250,4486.36
2024-08-08 01:44:59,ETHUSDT,bid,2250,4485.865
2024-08-08 01:45:00,ETHUSDT,bid,2250,4485.356
2024-08-08 01:45:00,ETHUSDT,bid,2250,4484.721
2024-08-08 01:45:05,ETHUSDT,bid,2280,4540.925
2024-08-08 01:45:10,ETHUSDT,bid,2280,4542.175
2024-08-08 01:46:05,ETHUSDT,bid,1700,6108.706
2024-08-08 01:46:16,ETHUSDT,bid,2290,4480.866
2024-08-08 01:46:16,ETHUSDT,bid,2250,4484.347
2024-08-08 01:46:21,ETHUSDT,bid,1960,5150.359
2024-08-08 01:46:51,ETHUSDT,bid,2290,4395.282
2024-08-08 01:46:52,ETHUSDT,bid,2290,4480.898
2024-08-08 01:48:06,ETHUSDT,bid,2270,4503.201
2024-08-08 01:48:06,ETHUSDT,bid,2270,4476.828
2024-08-08 01:48:35,ETHUSDT,bid,2270,4476.787
2024-08-08 01:48:36,ETHUSDT,bid,2290,4480.887
2024-08-08 01:49:08,ETHUSDT,bid,2230,4519.69
2024-08-08 01:49:13,ETHUSDT,bid,2230,4519.751
2024-08-08 01:49:24,ETHUSDT,bid,2290,4480.897
2024-08-08 01:49:43,ETHUSDT,bid,2270,4476.128
2024-08-08 01:49:53,ETHUSDT,bid,2270,4475.501
2024-08-08 01:50:16,ETHUSDT,bid,2250,4484.856
2024-08-08 01:50:19,ETHUSDT,bid,2250,4484.867
2024-08-08 01:50:19,ETHUSDT,bid,2230,4546.644
2024-08-08 01:50:20,ETHUSDT,bid,2230,4519.751
2024-08-08 01:50:42,ETHUSDT,bid,2250,4484.358
2024-08-08 01:51:38,ETHUSDT,bid,2280,4556.77
2024-08-08 01:51:41,ETHUSDT,bid,2290,4395.281
2024-08-08 01:51:42,ETHUSDT,bid,2290,4480.927
2024-08-08 01:52:10,ETHUSDT,bid,1950,5129.811
2024-08-08 01:52:54,ETHUSDT,bid,1950,5127.987
2024-08-08 01:52:57,ETHUSDT,bid,2250,4482.778
2024-08-08 01:53:29,ETHUSDT,bid,2250,4486.29
2024-08-08 01:53:32,ETHUSDT,bid,2280,4557.77
2024-08-08 01:53:33,ETHUSDT,bid,2250,4482.778
2024-08-08 01:53:49,ETHUSDT,bid,1950,5128.043
2024-08-08 01:54:48,ETHUSDT,bid,2230,4519.69
2024-08-08 01:55:16,ETHUSDT,bid,2280,4557.944
2024-08-08 01:55:22,ETHUSDT,bid,2290,4552.197
2024-08-08 01:55:33,ETHUSDT,bid,2290,4480.927
2024-08-08 01:55:34,ETHUSDT,bid,2290,4484.519
2024-08-08 01:55:41,ETHUSDT,bid,2250,4468.119
2024-08-08 01:55:43,ETHUSDT,bid,2270,4475.525
2024-08-08 01:55:44,ETHUSDT,bid,1700,6109.26
2024-08-08 01:56:24,ETHUSDT,bid,2290,4508.121
2024-08-08 01:56:30,ETHUSDT,bid,2290,4422.475
2024-08-08 01:56:31,ETHUSDT,bid,2290,4508.121
2024-08-08 01:57:08,ETHUSDT,bid,2290,4484.519
2024-08-08 01:57:10,ETHUSDT,bid,2290,4484.508
2024-08-08 01:59:05,ETHUSDT,bid,2250,4468.13
2024-08-08 01:59:06,ETHUSDT,bid,2250,4468.625
2024-08-08 01:59:06,ETHUSDT,bid,1680,5994.036
2024-08-08 01:59:10,ETHUSDT,bid,2250,4468.13
2024-08-08 01:59:59,ETHUSDT,bid,1700,6109.272
2024-08-08 02:00:13,ETHUSDT,bid,2250,4479.236
2024-08-08 02:00:17,ETHUSDT,bid,2290,4484.225
2024-08-08 02:00:32,ETHUSDT,ask,2890,3455.573
2024-08-08 02:01:05,ETHUSDT,ask,4000,2580.093
2024-08-08 02:01:16,ETHUSDT,bid,2290,4398.579
2024-08-08 02:01:17,ETHUSDT,bid,2290,4484.241
2024-08-08 02:01:24,ETHUSDT,bid,2290,4484.793
2024-08-08 02:02:33,ETHUSDT,bid,1950,5130.524
2024-08-08 02:02:46,ETHUSDT,bid,2270,4475.535
2024-08-08 02:02:47,ETHUSDT,bid,2230,4519.548
2024-08-08 02:04:24,ETHUSDT,bid,2270,4476.319
2024-08-08 02:05:11,ETHUSDT,bid,1950,5134.121
2024-08-08 02:05:56,ETHUSDT,bid,2290,4399.131
2024-08-08 02:05:57,ETHUSDT,bid,2290,4484.845
2024-08-08 02:06:23,ETHUSDT,bid,2280,4543.349
2024-08-08 02:06:31,ETHUSDT,bid,2250,4479.481
2024-08-08 02:07:28,ETHUSDT,bid,2250,4480.147
2024-08-08 02:07:43,ETHUSDT,bid,2290,4484.855
2024-08-08 02:07:43,ETHUSDT,bid,2290,4484.865
2024-08-08 02:07:44,ETHUSDT,bid,2290,4484.875
2024-08-08 02:07:45,ETHUSDT,bid,2290,4484.845
2024-08-08 02:07:51,ETHUSDT,bid,2280,4543.359
2024-08-08 02:07:51,ETHUSDT,bid,2280,4543.369
2024-08-08 02:07:53,ETHUSDT,bid,2280,4543.379
2024-08-08 02:07:53,ETHUSDT,bid,2280,4543.389
2024-08-08 02:07:53,ETHUSDT,bid,2280,4543.349
2024-08-08 02:07:57,ETHUSDT,bid,2270,4476.329
2024-08-08 02:07:57,ETHUSDT,bid,2270,4476.339
2024-08-08 02:07:57,ETHUSDT,bid,2270,4476.349
2024-08-08 02:07:58,ETHUSDT,bid,2270,4476.319
2024-08-08 02:08:09,ETHUSDT,bid,2290,4484.835
2024-08-08 02:08:41,ETHUSDT,bid,2280,4468.349
2024-08-08 02:10:43,ETHUSDT,bid,2290,4399.121
2024-08-08 02:10:44,ETHUSDT,bid,2290,4484.895
2024-08-08 02:11:27,ETHUSDT,bid,2250,4480.099
2024-08-08 02:12:01,ETHUSDT,bid,2270,4476.309
2024-08-08 02:14:51,ETHUSDT,bid,2270,4476.372
2024-08-08 02:15:26,ETHUSDT,bid,2290,4399.121
2024-08-08 02:15:27,ETHUSDT,bid,2290,4484.94
2024-08-08 02:15:48,ETHUSDT,bid,1700,6109.428
2024-08-08 02:15:48,ETHUSDT,bid,1950,5130.824
2024-08-08 02:16:59,ETHUSDT,bid,2250,4479.433
2024-08-08 02:17:03,ETHUSDT,bid,2270,4476.286
2024-08-08 02:20:06,ETHUSDT,bid,1960,5150.526
2024-08-08 02:20:11,ETHUSDT,bid,2290,4399.121
2024-08-08 02:20:12,ETHUSDT,bid,2290,4484.997
2024-08-08 02:20:34,ETHUSDT,bid,2290,4484.987
2024-08-08 02:22:27,ETHUSDT,bid,2270,4486.286
2024-08-08 02:22:32,ETHUSDT,bid,1700,6109.272
2024-08-08 02:23:03,ETHUSDT,bid,2250,4479.45
2024-08-08 02:23:16,ETHUSDT,bid,2270,4476.286
2024-08-08 02:23:34,ETHUSDT,bid,2280,4467.949
2024-08-08 02:24:56,ETHUSDT,bid,2290,4399.111
2024-08-08 02:24:57,ETHUSDT,bid,2290,4485.034
2024-08-08 02:26:04,ETHUSDT,ask,2680,3815.148
2024-08-08 02:26:59,ETHUSDT,bid,2280,4467.938
2024-08-08 02:27:15,ETHUSDT,bid,2250,4480.116
2024-08-08 02:27:26,ETHUSDT,bid,2280,4469.858
2024-08-08 02:28:23,ETHUSDT,bid,2280,4469.847
2024-08-08 02:29:43,ETHUSDT,bid,2290,4399.111
2024-08-08 02:29:44,ETHUSDT,bid,2290,4485.076
2024-08-08 02:30:48,ETHUSDT,bid,1700,6109.571
2024-08-08 02:31:40,ETHUSDT,bid,2230,4519.558
2024-08-08 02:31:54,ETHUSDT,bid,2270,4476.725
2024-08-08 02:31:56,ETHUSDT,bid,2290,4513.868
2024-08-08 02:32:12,ETHUSDT,bid,2230,4519.858
2024-08-08 02:32:30,ETHUSDT,bid,2250,4500.116
2024-08-08 02:32:41,ETHUSDT,bid,2250,4480.116
2024-08-08 02:32:46,ETHUSDT,bid,2290,4499.472
2024-08-08 02:33:50,ETHUSDT,bid,2270,4476.414
2024-08-08 02:33:53,ETHUSDT,bid,2270,4456.414
2024-08-08 02:34:31,ETHUSDT,bid,2290,4413.507
2024-08-08 02:34:32,ETHUSDT,bid,2290,4499.508
2024-08-08 02:35:07,ETHUSDT,bid,2280,4469.836
2024-08-08 02:35:26,ETHUSDT,bid,2290,4499.943
2024-08-08 02:35:41,ETHUSDT,bid,2290,4499.508
2024-08-08 02:37:12,ETHUSDT,bid,2270,4455.414
2024-08-08 02:37:19,ETHUSDT,bid,2290,4485.112
2024-08-08 02:37:34,ETHUSDT,bid,1700,6110.014
2024-08-08 02:38:03,ETHUSDT,bid,2290,4485.33
2024-08-08 02:38:35,ETHUSDT,bid,2290,4506.927
2024-08-08 02:38:53,ETHUSDT,bid,2270,4455.452
2024-08-08 02:39:08,ETHUSDT,bid,2270,4455.414
2024-08-08 02:39:16,ETHUSDT,bid,2290,4420.926
2024-08-08 02:39:17,ETHUSDT,bid,2290,4506.954
2024-08-08 02:40:28,ETHUSDT,bid,1960,5151.734
2024-08-08 02:41:59,ETHUSDT,ask,2730,3658.404
2024-08-08 02:44:04,ETHUSDT,bid,2290,4420.926
2024-08-08 02:44:05,ETHUSDT,bid,2290,4506.986
2024-08-08 02:44:53,ETHUSDT,bid,1960,5151.748
2024-08-08 02:44:54,ETHUSDT,bid,1700,6109.943
2024-08-08 02:45:26,ETHUSDT,bid,1960,5151.734
2024-08-08 02:45:29,ETHUSDT,bid,2270,4456.114
2024-08-08 02:46:40,ETHUSDT,bid,2250,4480.147
2024-08-08 02:47:48,ETHUSDT,bid,2250,4480.223
2024-08-08 02:48:03,ETHUSDT,bid,2250,4480.192
2024-08-08 02:48:47,ETHUSDT,bid,2290,4420.926
2024-08-08 02:48:48,ETHUSDT,bid,2290,4507.023
2024-08-08 02:49:32,ETHUSDT,bid,2250,4480.239
2024-08-08 02:49:43,ETHUSDT,bid,2270,4455.887
2024-08-08 02:50:51,ETHUSDT,bid,2270,4455.91
2024-08-08 02:51:31,ETHUSDT,bid,2250,4480.248
2024-08-08 02:51:42,ETHUSDT,ask,2680,3815.138
2024-08-08 02:52:19,ETHUSDT,bid,2270,4455.887
2024-08-08 02:53:00,ETHUSDT,bid,2250,4480.248
2024-08-08 02:53:33,ETHUSDT,bid,2290,4420.926
2024-08-08 02:53:34,ETHUSDT,bid,2290,4507.068
2024-08-08 02:55:52,ETHUSDT,bid,2270,4455.824
2024-08-08 02:55:56,ETHUSDT,bid,1950,5134.103
2024-08-08 02:55:58,ETHUSDT,ask,4000,2579.683
2024-08-08 02:56:26,ETHUSDT,bid,2230,4520.082
2024-08-08 02:56:37,ETHUSDT,bid,1960,5151.861
2024-08-08 02:57:48,ETHUSDT,ask,4000,2579.543
2024-08-08 02:57:50,ETHUSDT,ask,4000,2579.673
2024-08-08 02:58:14,ETHUSDT,bid,1960,5149.31
2024-08-08 02:58:21,ETHUSDT,bid,2290,4420.926
2024-08-08 02:58:22,ETHUSDT,bid,2290,4507.109
2024-08-08 03:00:39,ETHUSDT,bid,2250,4480.259
2024-08-08 03:00:39,ETHUSDT,bid,2250,4480.259
2024-08-08 03:01:00,ETHUSDT,bid,1700,6109.5
2024-08-08 03:01:20,ETHUSDT,bid,2250,4480.259
2024-08-08 03:01:20,ETHUSDT,bid,2250,4480.259
2024-08-08 03:01:38,ETHUSDT,bid,2270,4475.824
2024-08-08 03:01:53,ETHUSDT,bid,2250,4480.237
2024-08-08 03:02:02,ETHUSDT,bid,2290,4485.512
2024-08-08 03:03:07,ETHUSDT,bid,2290,4399.329
2024-08-08 03:03:08,ETHUSDT,bid,2290,4485.564
2024-08-08 03:03:12,ETHUSDT,bid,2270,4475.862
2024-08-08 03:03:13,ETHUSDT,bid,2280,4484.302
2024-08-08 03:03:19,ETHUSDT,bid,2250,4480.237
2024-08-08 03:03:27,ETHUSDT,bid,2250,4480.226
2024-08-08 03:03:27,ETHUSDT,bid,2270,4475.824
2024-08-08 03:03:49,ETHUSDT,bid,1700,6111.013
2024-08-08 03:03:51,ETHUSDT,bid,2270,4475.868
2024-08-08 03:06:01,ETHUSDT,bid,2280,4469.836
2024-08-08 03:06:06,ETHUSDT,bid,2280,4472.006
2024-08-08 03:06:26,ETHUSDT,bid,2280,4469.836
2024-08-08 03:06:55,ETHUSDT,bid,1700,6111.364
2024-08-08 03:07:18,ETHUSDT,bid,2290,4486.0
2024-08-08 03:07:55,ETHUSDT,bid,2290,4399.765
2024-08-08 03:07:56,ETHUSDT,bid,2290,4486.015
2024-08-08 03:09:08,ETHUSDT,bid,2250,4480.346
2024-08-08 03:09:09,ETHUSDT,bid,2290,4485.579
2024-08-08 03:10:30,ETHUSDT,bid,2250,4481.765
2024-08-08 03:10:30,ETHUSDT,bid,2250,4490.231
2024-08-08 03:10:31,ETHUSDT,bid,2250,4481.765
2024-08-08 03:10:38,ETHUSDT,bid,2250,4481.267
2024-08-08 03:10:40,ETHUSDT,bid,2250,4480.842
2024-08-08 03:10:41,ETHUSDT,bid,2250,4480.346
2024-08-08 03:11:15,ETHUSDT,bid,2270,4489.047
2024-08-08 03:11:35,ETHUSDT,bid,2270,4489.486
2024-08-08 03:12:10,ETHUSDT,bid,2290,4485.6
2024-08-08 03:13:29,ETHUSDT,bid,2270,4476.307
2024-08-08 03:14:01,ETHUSDT,bid,2250,4480.357
2024-08-08 03:14:01,ETHUSDT,bid,2250,4498.989
2024-08-08 03:14:01,ETHUSDT,bid,2250,4480.357
2024-08-08 03:14:13,ETHUSDT,bid,2250,4508.181
2024-08-08 03:14:13,ETHUSDT,bid,2250,4480.357
2024-08-08 03:14:19,ETHUSDT,bid,2250,4480.346
2024-08-08 03:14:51,ETHUSDT,bid,2250,4498.722
2024-08-08 03:14:51,ETHUSDT,bid,2250,4480.346
2024-08-08 03:14:56,ETHUSDT,bid,2250,4480.346
2024-08-08 03:15:00,ETHUSDT,bid,2250,4646.376
2024-08-08 03:15:00,ETHUSDT,bid,2250,4480.346
2024-08-08 03:15:29,ETHUSDT,bid,2250,4480.856
2024-08-08 03:15:29,ETHUSDT,bid,2250,4480.856
2024-08-08 03:15:29,ETHUSDT,bid,2250,4481.988
2024-08-08 03:15:29,ETHUSDT,bid,2250,4481.988
2024-08-08 03:15:30,ETHUSDT,bid,2250,4481.355
2024-08-08 03:15:32,ETHUSDT,bid,2250,4480.856
2024-08-08 03:15:32,ETHUSDT,bid,2250,4480.346
2024-08-08 03:15:53,ETHUSDT,bid,2270,4477.812
2024-08-08 03:16:00,ETHUSDT,bid,2270,4478.312
2024-08-08 03:16:16,ETHUSDT,bid,1960,5149.143
2024-08-08 03:16:36,ETHUSDT,bid,2270,4478.798
2024-08-08 03:17:14,ETHUSDT,bid,2270,4479.15
2024-08-08 03:17:15,ETHUSDT,bid,2290,4399.35
2024-08-08 03:17:15,ETHUSDT,bid,2290,4485.622
2024-08-08 03:18:18,ETHUSDT,bid,2270,4479.26
2024-08-08 03:21:29,ETHUSDT,bid,2270,4470.469
2024-08-08 03:22:03,ETHUSDT,bid,2290,4399.35
2024-08-08 03:22:04,ETHUSDT,bid,2290,4485.682
2024-08-08 03:22:18,ETHUSDT,bid,2270,4469.685
2024-08-08 03:26:21,ETHUSDT,bid,2290,4485.662
2024-08-08 03:26:49,ETHUSDT,bid,2290,4399.33
2024-08-08 03:26:50,ETHUSDT,bid,2290,4485.706
2024-08-08 03:28:54,ETHUSDT,ask,2710,3731.056
2024-08-08 03:31:38,ETHUSDT,bid,2290,4399.33
2024-08-08 03:31:39,ETHUSDT,bid,2290,4485.759
2024-08-08 03:32:25,ETHUSDT,bid,1960,5149.762
2024-08-08 03:35:01,ETHUSDT,bid,1950,5134.797
2024-08-08 03:35:51,ETHUSDT,ask,2680,3816.33
2024-08-08 03:36:21,ETHUSDT,bid,2290,4399.33
2024-08-08 03:36:22,ETHUSDT,bid,2290,4485.817
2024-08-08 03:37:43,ETHUSDT,bid,1700,7758.422
2024-08-08 03:38:44,ETHUSDT,bid,2290,4494.456
2024-08-08 03:39:48,ETHUSDT,bid,2280,4467.014
2024-08-08 03:40:01,ETHUSDT,bid,1950,5134.103
2024-08-08 03:40:07,ETHUSDT,bid,2290,4485.817
2024-08-08 03:40:08,ETHUSDT,bid,2290,4500.213
2024-08-08 03:41:08,ETHUSDT,bid,2290,4413.726
2024-08-08 03:41:08,ETHUSDT,bid,2290,4500.213
2024-08-08 03:41:48,ETHUSDT,bid,2270,4468.806
2024-08-08 03:43:31,ETHUSDT,bid,2270,4468.782
2024-08-08 03:43:34,ETHUSDT,bid,2270,4468.758
2024-08-08 03:44:05,ETHUSDT,bid,1700,7756.909
2024-08-08 03:44:32,ETHUSDT,bid,2290,4485.817
2024-08-08 03:45:02,ETHUSDT,bid,2280,4475.782
2024-08-08 03:45:55,ETHUSDT,bid,2290,4399.33
2024-08-08 03:45:56,ETHUSDT,bid,2290,4485.817
2024-08-08 03:47:08,ETHUSDT,bid,2290,4491.485
2024-08-08 03:47:08,ETHUSDT,bid,2290,4515.465
2024-08-08 03:48:02,ETHUSDT,bid,2270,4468.724
2024-08-08 03:48:29,ETHUSDT,bid,2250,4480.226
2024-08-08 03:48:55,ETHUSDT,bid,2290,4485.817
2024-08-08 03:49:02,ETHUSDT,bid,2250,4480.916
2024-08-08 03:49:35,ETHUSDT,bid,2250,4480.226
2024-08-08 03:49:35,ETHUSDT,bid,2290,4485.867
2024-08-08 03:50:02,ETHUSDT,bid,2290,4485.889
2024-08-08 03:50:17,ETHUSDT,bid,2280,4490.248
2024-08-08 03:50:17,ETHUSDT,bid,2290,4485.867
2024-08-08 03:50:46,ETHUSDT,bid,2280,4529.677
2024-08-08 03:50:58,ETHUSDT,bid,2280,4515.211
2024-08-08 03:50:58,ETHUSDT,bid,2250,4524.206
2024-08-08 03:50:58,ETHUSDT,bid,2280,4475.782
2024-08-08 03:50:59,ETHUSDT,bid,2230,4518.681
2024-08-08 03:51:15,ETHUSDT,bid,2270,4469.644
2024-08-08 03:51:26,ETHUSDT,bid,2290,4558.528
2024-08-08 03:51:34,ETHUSDT,bid,2290,4495.465
2024-08-08 03:51:35,ETHUSDT,bid,2290,4485.867
2024-08-08 03:51:42,ETHUSDT,bid,2270,4470.106
2024-08-08 03:51:52,ETHUSDT,bid,2270,4491.864
2024-08-08 03:52:04,ETHUSDT,bid,2250,4480.226
2024-08-08 03:52:19,ETHUSDT,bid,2280,4484.462
2024-08-08 03:52:21,ETHUSDT,bid,2280,4506.163
2024-08-08 03:52:23,ETHUSDT,bid,2280,4497.483
2024-08-08 03:52:26,ETHUSDT,bid,2280,4475.782
2024-08-08 03:52:32,ETHUSDT,bid,2290,4485.879
2024-08-08 03:52:36,ETHUSDT,bid,2280,4497.483
2024-08-08 03:52:37,ETHUSDT,bid,2290,4485.867
2024-08-08 03:52:38,ETHUSDT,bid,2280,4475.782
2024-08-08 03:52:40,ETHUSDT,bid,2270,4470.106
2024-08-08 03:53:20,ETHUSDT,bid,2280,4519.184
2024-08-08 03:53:22,ETHUSDT,bid,2250,4480.27
2024-08-08 03:53:23,ETHUSDT,bid,2280,4475.782
2024-08-08 03:53:28,ETHUSDT,bid,2290,4493.426
2024-08-08 03:53:29,ETHUSDT,bid,2290,4493.739
2024-08-08 03:53:41,ETHUSDT,bid,2290,4486.18
2024-08-08 03:53:47,ETHUSDT,bid,2250,4480.226
2024-08-08 03:53:52,ETHUSDT,bid,2290,4485.867
2024-08-08 03:54:10,ETHUSDT,bid,2250,4480.278
2024-08-08 03:54:13,ETHUSDT,bid,2270,4493.885
2024-08-08 03:54:17,ETHUSDT,bid,2290,4507.464
2024-08-08 03:54:19,ETHUSDT,bid,2290,4485.867
2024-08-08 03:54:19,ETHUSDT,bid,2270,4470.106
2024-08-08 03:54:33,ETHUSDT,bid,2290,4485.103
2024-08-08 03:54:40,ETHUSDT,bid,2290,4485.416
2024-08-08 03:54:47,ETHUSDT,bid,2270,4472.645
2024-08-08 03:55:48,ETHUSDT,bid,2270,4471.725
2024-08-08 03:56:18,ETHUSDT,bid,2290,4507.013
2024-08-08 03:56:19,ETHUSDT,bid,2290,4573.315
2024-08-08 03:56:21,ETHUSDT,bid,2290,4507.013
2024-08-08 03:56:24,ETHUSDT,bid,2290,4485.416
2024-08-08 03:56:38,ETHUSDT,bid,2290,4485.425
2024-08-08 03:57:05,ETHUSDT,bid,2290,4493.708
2024-08-08 03:57:37,ETHUSDT,bid,2290,4493.395
2024-08-08 03:57:52,ETHUSDT,bid,2230,4519.281
2024-08-08 03:57:53,ETHUSDT,bid,2250,4481.278
2024-08-08 03:57:59,ETHUSDT,bid,2250,4481.326
2024-08-08 03:58:01,ETHUSDT,bid,2290,4514.992
2024-08-08 03:58:09,ETHUSDT,bid,2290,4493.395
2024-08-08 03:58:21,ETHUSDT,ask,2710,3731.027
2024-08-08 03:58:30,ETHUSDT,bid,2290,4485.112
2024-08-08 03:59:01,ETHUSDT,bid,2270,4472.823
2024-08-08 03:59:35,ETHUSDT,bid,2250,4481.821
2024-08-08 03:59:36,ETHUSDT,bid,2250,4481.821
2024-08-08 03:59:36,ETHUSDT,bid,2250,4489.251
2024-08-08 03:59:36,ETHUSDT,bid,2250,4481.821
2024-08-08 03:59:37,ETHUSDT,bid,2250,4481.326
2024-08-08 04:00:04,ETHUSDT,bid,2290,4398.625
2024-08-08 04:00:05,ETHUSDT,bid,2290,4485.142
2024-08-08 04:01:24,ETHUSDT,bid,2250,4481.337
2024-08-08 04:03:07,ETHUSDT,bid,2270,4475.463
2024-08-08 04:04:53,ETHUSDT,bid,2290,4398.625
2024-08-08 04:04:54,ETHUSDT,bid,2290,4485.196
2024-08-08 04:05:01,ETHUSDT,bid,2250,4480.671
2024-08-08 04:05:07,ETHUSDT,bid,2270,4475.773
2024-08-08 04:07:06,ETHUSDT,bid,2270,4475.463
2024-08-08 04:09:33,ETHUSDT,bid,2290,4398.625
2024-08-08 04:09:33,ETHUSDT,bid,2290,4485.241
2024-08-08 04:10:51,ETHUSDT,bid,2270,4479.897
2024-08-08 04:11:14,ETHUSDT,bid,2290,4485.268
2024-08-08 04:11:29,ETHUSDT,bid,2290,4485.241
2024-08-08 04:11:29,ETHUSDT,bid,2250,4480.682
2024-08-08 04:11:37,ETHUSDT,bid,2280,4475.837
2024-08-08 04:12:02,ETHUSDT,bid,2250,4480.682
2024-08-08 04:12:02,ETHUSDT,bid,2250,4481.177
2024-08-08 04:12:02,ETHUSDT,bid,2250,4481.188
2024-08-08 04:12:06,ETHUSDT,bid,2250,4480.693
2024-08-08 04:14:16,ETHUSDT,bid,2290,4398.625
2024-08-08 04:14:17,ETHUSDT,bid,2290,4485.241
2024-08-08 04:14:57,ETHUSDT,bid,2290,4487.403
2024-08-08 04:15:06,ETHUSDT,bid,2270,4479.908
2024-08-08 04:15:10,ETHUSDT,bid,2290,4491.29
2024-08-08 04:15:13,ETHUSDT,bid,2290,4489.128
2024-08-08 04:16:54,ETHUSDT,ask,2680,3815.66
2024-08-08 04:17:20,ETHUSDT,bid,2290,4485.241
2024-08-08 04:17:39,ETHUSDT,bid,2290,4504.852
2024-08-08 04:18:21,ETHUSDT,bid,2230,4532.953
2024-08-08 04:18:59,ETHUSDT,bid,2290,4418.236
2024-08-08 04:19:00,ETHUSDT,bid,2290,4504.852
2024-08-08 04:19:17,ETHUSDT,bid,2250,4480.693
2024-08-08 04:19:23,ETHUSDT,bid,2250,4480.693
2024-08-08 04:20:37,ETHUSDT,bid,1700,7756.924
2024-08-08 04:21:57,ETHUSDT,bid,2290,4485.241
2024-08-08 04:23:40,ETHUSDT,bid,2290,4398.625
2024-08-08 04:24:14,ETHUSDT,bid,1700,7758.067
2024-08-08 04:28:25,ETHUSDT,bid,1700,7758.3
2024-08-08 04:29:54,ETHUSDT,bid,2270,4478.908
2024-08-08 04:32:22,ETHUSDT,bid,2290,4384.644
2024-08-08 04:35:09,ETHUSDT,bid,2280,4475.837
2024-08-08 04:35:15,ETHUSDT,bid,1680,5994.452
2024-08-08 04:35:27,ETHUSDT,bid,1680,5994.036
2024-08-08 04:35:36,ETHUSDT,bid,1680,5994.452
2024-08-08 04:36:04,ETHUSDT,ask,2680,3818.66
2024-08-08 04:38:28,ETHUSDT,bid,2270,4478.972
2024-08-08 04:38:38,ETHUSDT,bid,2230,4532.971
2024-08-08 04:43:09,ETHUSDT,bid,1960,5154.703
2024-08-08 04:44:09,ETHUSDT,bid,2250,4480.779
2024-08-08 04:45:52,ETHUSDT,bid,2290,4384.678
2024-08-08 04:45:52,ETHUSDT,bid,2290,4384.644
2024-08-08 04:46:38,ETHUSDT,bid,2280,4475.782
2024-08-08 04:46:41,ETHUSDT,bid,1700,7758.076
2024-08-08 04:47:00,ETHUSDT,bid,2270,4476.433
2024-08-08 04:47:16,ETHUSDT,bid,1960,5149.762
2024-08-08 04:49:38,ETHUSDT,bid,2270,4475.971
2024-08-08 04:49:57,ETHUSDT,bid,2280,4475.869
2024-08-08 04:50:54,ETHUSDT,bid,2270,4475.991
2024-08-08 04:52:28,ETHUSDT,bid,2270,4478.695
2024-08-08 04:53:21,ETHUSDT,bid,2290,4384.594
2024-08-08 04:53:23,ETHUSDT,ask,2680,3816.563
2024-08-08 04:53:51,ETHUSDT,bid,2270,4479.11
2024-08-08 04:54:40,ETHUSDT,bid,2290,4384.634
2024-08-08 04:55:29,ETHUSDT,ask,2710,3731.027
2024-08-08 05:02:38,ETHUSDT,ask,2710,3699.027
2024-08-08 05:05:54,ETHUSDT,ask,2730,3674.986
2024-08-08 05:06:37,ETHUSDT,bid,1680,5995.047
2024-08-08 05:10:05,ETHUSDT,bid,2250,4480.779
2024-08-08 05:10:24,ETHUSDT,bid,2270,4480.369
2024-08-08 05:14:06,ETHUSDT,bid,1940,5408.417
2024-08-08 05:15:15,ETHUSDT,bid,1700,7752.076
2024-08-08 05:15:29,ETHUSDT,bid,2290,4384.614
2024-08-08 05:16:47,ETHUSDT,bid,2270,4481.094
2024-08-08 05:17:21,ETHUSDT,bid,2250,4489.951
2024-08-08 05:17:22,ETHUSDT,bid,2250,4480.779
2024-08-08 05:17:37,ETHUSDT,bid,2250,4475.779
2024-08-08 05:18:18,ETHUSDT,bid,2250,4475.779
2024-08-08 05:18:18,ETHUSDT,bid,2250,4476.666
2024-08-08 05:18:25,ETHUSDT,bid,2250,4641.445
2024-08-08 05:18:25,ETHUSDT,bid,2250,4476.666
2024-08-08 05:18:26,ETHUSDT,bid,2250,4476.666
2024-08-08 05:19:21,ETHUSDT,bid,2290,4399.01
2024-08-08 05:19:29,ETHUSDT,bid,2280,4475.969
2024-08-08 05:21:10,ETHUSDT,bid,2280,4476.069
2024-08-08 05:21:17,ETHUSDT,bid,2290,4449.405
2024-08-08 05:21:17,ETHUSDT,bid,2270,4495.598
2024-08-08 05:21:17,ETHUSDT,bid,2280,4482.145
2024-08-08 05:21:21,ETHUSDT,bid,2290,4427.808
2024-08-08 05:21:26,ETHUSDT,bid,2290,4384.614
2024-08-08 05:21:33,ETHUSDT,bid,2290,4427.808
2024-08-08 05:21:39,ETHUSDT,bid,2290,4384.614
2024-08-08 05:22:53,ETHUSDT,bid,2270,4481.094
2024-08-08 05:23:02,ETHUSDT,bid,2270,4495.454
2024-08-08 05:23:03,ETHUSDT,bid,2270,4488.927
2024-08-08 05:23:05,ETHUSDT,bid,2270,4481.094
2024-08-08 05:23:32,ETHUSDT,bid,2280,4539.436
2024-08-08 05:23:35,ETHUSDT,bid,2280,4476.069
2024-08-08 05:24:01,ETHUSDT,bid,2230,4534.079
2024-08-08 05:24:02,ETHUSDT,bid,2230,4532.971
2024-08-08 05:24:57,ETHUSDT,bid,2230,4532.613
2024-08-08 05:25:47,ETHUSDT,bid,2270,4481.973
2024-08-08 05:27:14,ETHUSDT,bid,2290,4385.093
2024-08-08 05:27:43,ETHUSDT,bid,2290,4385.103
2024-08-08 05:27:44,ETHUSDT,bid,2280,4541.172
2024-08-08 05:27:44,ETHUSDT,bid,2270,4677.48
2024-08-08 05:27:44,ETHUSDT,bid,1960,5149.957
2024-08-08 05:27:47,ETHUSDT,bid,2280,4519.471
2024-08-08 05:27:48,ETHUSDT,bid,2280,4497.77
2024-08-08 05:27:48,ETHUSDT,bid,2280,4476.069
2024-08-08 05:27:59,ETHUSDT,bid,2270,4633.545
2024-08-08 05:27:59,ETHUSDT,bid,2270,4589.61
2024-08-08 05:28:01,ETHUSDT,bid,2270,4603.97
2024-08-08 05:28:01,ETHUSDT,bid,2230,4534.113
2024-08-08 05:28:07,ETHUSDT,bid,2270,4574.096
2024-08-08 05:28:07,ETHUSDT,bid,2270,4496.333
2024-08-08 05:28:07,ETHUSDT,bid,2270,4496.551
2024-08-08 05:28:15,ETHUSDT,bid,2290,4385.228
2024-08-08 05:28:30,ETHUSDT,bid,2290,4384.749
2024-08-08 05:28:51,ETHUSDT,bid,2290,4384.739
2024-08-08 05:29:02,ETHUSDT,bid,2270,4497.551
2024-08-08 05:29:05,ETHUSDT,bid,2270,4497.531
2024-08-08 05:29:08,ETHUSDT,bid,2270,4483.171
2024-08-08 05:29:23,ETHUSDT,bid,2270,4496.349
2024-08-08 05:29:30,ETHUSDT,bid,2230,4533.613
2024-08-08 05:29:32,ETHUSDT,bid,2270,4496.305
2024-08-08 05:31:27,ETHUSDT,bid,2270,4496.349
2024-08-08 05:31:31,ETHUSDT,bid,2230,4532.113
2024-08-08 05:31:37,ETHUSDT,bid,2270,4483.171
2024-08-08 05:31:50,ETHUSDT,bid,2270,4483.414
2024-08-08 05:32:17,ETHUSDT,bid,2280,4479.069
2024-08-08 05:32:22,ETHUSDT,bid,2270,4482.535
2024-08-08 05:32:23,ETHUSDT,bid,2280,4476.069
2024-08-08 05:33:56,ETHUSDT,bid,2270,4482.573
2024-08-08 05:34:39,ETHUSDT,bid,2290,4385.175
2024-08-08 05:34:39,ETHUSDT,bid,2290,4398.257
2024-08-08 05:34:39,ETHUSDT,bid,2290,4437.504
2024-08-08 05:35:00,ETHUSDT,bid,2250,4475.779
2024-08-08 05:35:01,ETHUSDT,bid,2290,4437.068
2024-08-08 05:35:15,ETHUSDT,bid,2250,4475.768
2024-08-08 05:37:49,ETHUSDT,bid,1960,5148.957
2024-08-08 05:38:09,ETHUSDT,bid,2270,4482.739
2024-08-08 05:38:16,ETHUSDT,bid,2250,4475.943
2024-08-08 05:40:03,ETHUSDT,bid,2250,4476.043
2024-08-08 05:40:26,ETHUSDT,bid,2290,4384.739
2024-08-08 05:42:11,ETHUSDT,bid,2290,4384.63
2024-08-08 05:42:26,ETHUSDT,bid,2290,4384.521
2024-08-08 05:43:48,ETHUSDT,bid,2270,4482.775
2024-08-08 05:43:59,ETHUSDT,bid,2270,4482.739
2024-08-08 05:44:22,ETHUSDT,bid,1700,7755.094
2024-08-08 05:45:16,ETHUSDT,bid,2280,4476.164
2024-08-08 05:45:26,ETHUSDT,bid,2250,4476.139
2024-08-08 05:47:27,ETHUSDT,bid,2230,4534.978
2024-08-08 05:48:09,ETHUSDT,bid,2250,4476.765
2024-08-08 05:48:09,ETHUSDT,bid,2250,4476.15
2024-08-08 05:48:10,ETHUSDT,bid,2250,4476.574
2024-08-08 05:48:11,ETHUSDT,bid,2250,4476.15
2024-08-08 05:48:39,ETHUSDT,bid,2250,4641.88
2024-08-08 05:48:39,ETHUSDT,bid,2250,4476.15
2024-08-08 05:50:41,ETHUSDT,bid,2280,4476.055
2024-08-08 05:51:13,ETHUSDT,bid,2250,4476.15
2024-08-08 05:51:21,ETHUSDT,bid,2250,4476.161
2024-08-08 05:51:22,ETHUSDT,bid,2250,4476.172
2024-08-08 05:51:23,ETHUSDT,bid,2250,4476.788
2024-08-08 05:51:23,ETHUSDT,bid,2250,4476.799
2024-08-08 05:51:23,ETHUSDT,bid,2250,4476.81
2024-08-08 05:51:25,ETHUSDT,bid,2250,4476.194
2024-08-08 05:51:49,ETHUSDT,bid,2270,4483.388
2024-08-08 05:54:22,ETHUSDT,bid,2230,4535.089
2024-08-08 05:54:22,ETHUSDT,bid,2250,4476.305
2024-08-08 05:54:22,ETHUSDT,bid,2280,4476.166
2024-08-08 05:56:04,ETHUSDT,bid,1700,7755.146
2024-08-08 05:56:08,ETHUSDT,bid,1960,5148.969
2024-08-08 05:57:46,ETHUSDT,bid,1960,5151.969
2024-08-08 05:58:22,ETHUSDT,bid,2250,4476.294
2024-08-08 06:03:17,ETHUSDT,bid,1960,5151.981
2024-08-08 06:04:17,ETHUSDT,bid,1960,5151.969
2024-08-08 06:05:17,ETHUSDT,bid,2250,4476.119
2024-08-08 06:06:09,ETHUSDT,bid,2280,4475.166
2024-08-08 06:06:29,ETHUSDT,bid,2290,4384.557
2024-08-08 06:06:40,ETHUSDT,bid,2290,4384.521
2024-08-08 06:08:34,ETHUSDT,bid,1960,5151.957
2024-08-08 06:08:43,ETHUSDT,bid,2270,4485.388
2024-08-08 06:09:18,ETHUSDT,bid,2250,4476.161
2024-08-08 06:10:22,ETHUSDT,bid,2250,4476.15
2024-08-08 06:10:47,ETHUSDT,bid,1700,6108.088
2024-08-08 06:11:10,ETHUSDT,bid,2230,4534.889
2024-08-08 06:12:08,ETHUSDT,bid,1700,6108.114
2024-08-08 06:12:18,ETHUSDT,bid,2270,4483.09
2024-08-08 06:12:36,ETHUSDT,ask,2680,3813.315
2024-08-08 06:13:08,ETHUSDT,bid,2250,4476.108
2024-08-08 06:14:17,ETHUSDT,bid,2250,4476.15
2024-08-08 06:14:39,ETHUSDT,ask,2680,3812.85
2024-08-08 06:15:04,ETHUSDT,bid,2230,4534.871
2024-08-08 06:16:29,ETHUSDT,bid,1960,5151.447
2024-08-08 06:16:56,ETHUSDT,bid,1700,6110.114
2024-08-08 06:17:40,ETHUSDT,bid,2270,4482.09
2024-08-08 06:21:06,ETHUSDT,bid,2230,4534.182
2024-08-08 06:22:54,ETHUSDT,bid,2290,4384.739
2024-08-08 06:25:12,ETHUSDT,bid,2250,4475.15
2024-08-08 06:25:15,ETHUSDT,bid,2270,4482.052
2024-08-08 06:29:35,ETHUSDT,bid,2290,4384.624
2024-08-08 06:29:48,ETHUSDT,bid,1960,5151.46
2024-08-08 06:30:00,ETHUSDT,bid,1680,5980.047
2024-08-08 06:30:03,ETHUSDT,bid,1700,6113.232
2024-08-08 06:30:22,ETHUSDT,bid,1700,6110.114
2024-08-08 06:30:35,ETHUSDT,bid,2250,4476.245
2024-08-08 06:31:04,ETHUSDT,bid,2250,4476.245
2024-08-08 06:31:04,ETHUSDT,bid,2250,4506.063
2024-08-08 06:31:04,ETHUSDT,bid,2250,4505.563
2024-08-08 06:31:12,ETHUSDT,bid,2250,4542.144
2024-08-08 06:31:13,ETHUSDT,bid,2250,4505.563
2024-08-08 06:31:18,ETHUSDT,bid,2250,4505.563
2024-08-08 06:31:29,ETHUSDT,bid,2290,4391.164
2024-08-08 06:31:29,ETHUSDT,bid,2290,4418.197
2024-08-08 06:32:49,ETHUSDT,bid,2270,4482.142
2024-08-08 06:33:01,ETHUSDT,bid,2270,4482.052
2024-08-08 06:34:08,ETHUSDT,bid,2250,4505.563
2024-08-08 06:36:02,ETHUSDT,bid,2270,4482.142
2024-08-08 06:36:13,ETHUSDT,bid,2270,4482.052
2024-08-08 06:36:16,ETHUSDT,bid,2270,4482.183
2024-08-08 06:37:02,ETHUSDT,bid,2250,4507.1
2024-08-08 06:37:03,ETHUSDT,bid,2250,4507.111
2024-08-08 06:37:06,ETHUSDT,bid,2250,4507.122
2024-08-08 06:37:06,ETHUSDT,bid,2250,4506.503
2024-08-08 06:37:08,ETHUSDT,bid,1700,6108.114
2024-08-08 06:37:08,ETHUSDT,bid,2250,4506.08
2024-08-08 06:37:10,ETHUSDT,bid,2250,4505.585
2024-08-08 06:38:57,ETHUSDT,bid,2290,4418.066
2024-08-08 06:39:51,ETHUSDT,bid,2290,4415.014
2024-08-08 06:39:51,ETHUSDT,bid,2290,4384.493
2024-08-08 06:41:37,ETHUSDT,bid,2270,4482.052
2024-08-08 06:43:47,ETHUSDT,bid,2270,4481.7
2024-08-08 06:46:53,ETHUSDT,bid,2250,4490.926
2024-08-08 06:46:59,ETHUSDT,bid,2250,4476.267
2024-08-08 06:49:54,ETHUSDT,bid,2250,4491.054
2024-08-08 06:51:34,ETHUSDT,bid,1960,5152.1
2024-08-08 06:52:04,ETHUSDT,bid,2290,4384.833
2024-08-08 06:52:08,ETHUSDT,bid,1700,6108.408
2024-08-08 06:52:24,ETHUSDT,bid,1960,5151.46
2024-08-08 06:52:24,ETHUSDT,bid,2270,4482.043
2024-08-08 06:54:51,ETHUSDT,bid,2280,4492.527
2024-08-08 06:57:52,ETHUSDT,bid,2280,4495.527
2024-08-08 06:57:58,ETHUSDT,bid,2250,4476.267
2024-08-08 06:57:58,ETHUSDT,bid,2280,4492.527
2024-08-08 06:58:35,ETHUSDT,bid,2280,4495.527
2024-08-08 06:58:40,ETHUSDT,bid,2280,4492.527
2024-08-08 06:59:51,ETHUSDT,bid,2280,4475.166
2024-08-08 07:00:09,ETHUSDT,bid,1700,6108.452
2024-08-08 07:02:48,ETHUSDT,bid,2270,4492.043
2024-08-08 07:03:59,ETHUSDT,ask,2350,4803.491
2024-08-08 07:04:12,ETHUSDT,ask,2350,4803.501
2024-08-08 07:04:12,ETHUSDT,ask,2350,4947.858
2024-08-08 07:04:12,ETHUSDT,ask,2350,4803.501
2024-08-08 07:04:13,ETHUSDT,ask,2350,4833.308
2024-08-08 07:04:14,ETHUSDT,ask,2350,4803.501
2024-08-08 07:04:27,ETHUSDT,ask,2350,4803.458
2024-08-08 07:04:40,ETHUSDT,ask,2350,4807.405
2024-08-08 07:05:10,ETHUSDT,ask,2350,4805.433
2024-08-08 07:05:25,ETHUSDT,ask,2350,5022.261
2024-08-08 07:05:25,ETHUSDT,ask,2350,4803.458
2024-08-08 07:05:26,ETHUSDT,ask,2350,4803.458
2024-08-08 07:05:26,ETHUSDT,ask,2350,4803.458
2024-08-08 07:05:26,ETHUSDT,ask,2350,4803.458
2024-08-08 07:05:31,ETHUSDT,ask,2350,4803.833
2024-08-08 07:05:35,ETHUSDT,ask,2350,4806.756
2024-08-08 07:05:37,ETHUSDT,ask,2350,4806.416
2024-08-08 07:05:45,ETHUSDT,ask,2350,4816.07
2024-08-08 07:05:45,ETHUSDT,ask,2350,4806.396
2024-08-08 07:06:03,ETHUSDT,ask,2350,4813.343
2024-08-08 07:06:03,ETHUSDT,ask,2350,4809.389
2024-08-08 07:06:05,ETHUSDT,ask,2350,4803.458
2024-08-08 07:06:08,ETHUSDT,ask,2350,4803.883
2024-08-08 07:06:09,ETHUSDT,ask,2350,4803.458
2024-08-08 07:06:13,ETHUSDT,ask,2350,4803.458
2024-08-08 07:06:13,ETHUSDT,ask,2350,4803.558
2024-08-08 07:06:21,ETHUSDT,ask,2350,4813.36
2024-08-08 07:06:38,ETHUSDT,ask,2350,4803.558
2024-08-08 07:06:40,ETHUSDT,ask,2350,4816.328
2024-08-08 07:06:48,ETHUSDT,ask,2350,4815.597
2024-08-08 07:06:49,ETHUSDT,ask,2350,4816.023
2024-08-08 07:06:51,ETHUSDT,ask,2350,4803.999
2024-08-08 07:07:01,ETHUSDT,ask,2350,4804.17
2024-08-08 07:07:03,ETHUSDT,ask,2350,4805.933
2024-08-08 07:07:23,ETHUSDT,ask,2350,4806.083
2024-08-08 07:07:25,ETHUSDT,ask,2350,4805.913
2024-08-08 07:07:28,ETHUSDT,ask,2350,4809.315
2024-08-08 07:07:30,ETHUSDT,ask,2350,4809.179
2024-08-08 07:07:31,ETHUSDT,ask,2350,4813.124
2024-08-08 07:07:42,ETHUSDT,ask,2350,4809.164
2024-08-08 07:07:53,ETHUSDT,ask,2350,4812.855
2024-08-08 07:07:55,ETHUSDT,ask,2350,5053.176
2024-08-08 07:07:56,ETHUSDT,ask,2350,4812.855
2024-08-08 07:07:57,ETHUSDT,ask,2350,5054.532
2024-08-08 07:07:57,ETHUSDT,ask,2350,4812.855
2024-08-08 07:07:58,ETHUSDT,ask,2350,4812.855
2024-08-08 07:08:04,ETHUSDT,bid,2250,4476.367
2024-08-08 07:08:14,ETHUSDT,ask,2350,4824.164
2024-08-08 07:08:15,ETHUSDT,ask,2350,4809.164
2024-08-08 07:08:15,ETHUSDT,ask,2350,4809.609
2024-08-08 07:08:17,ETHUSDT,ask,2350,4809.877
2024-08-08 07:08:17,ETHUSDT,ask,2350,4810.877
2024-08-08 07:08:19,ETHUSDT,bid,2290,4384.699
2024-08-08 07:08:19,ETHUSDT,ask,2350,4810.177
2024-08-08 07:08:21,ETHUSDT,ask,2350,4850.125
2024-08-08 07:08:21,ETHUSDT,ask,2350,4849.825
2024-08-08 07:08:21,ETHUSDT,ask,2350,4851.125
2024-08-08 07:08:21,ETHUSDT,ask,2350,4849.825
2024-08-08 07:08:21,ETHUSDT,ask,2350,4848.954
2024-08-08 07:08:22,ETHUSDT,ask,2350,4848.954
2024-08-08 07:08:22,ETHUSDT,ask,2350,4809.154
2024-08-08 07:08:22,ETHUSDT,ask,2350,4808.758
2024-08-08 07:08:22,ETHUSDT,ask,2350,4811.644
2024-08-08 07:08:22,ETHUSDT,ask,2350,4811.138
2024-08-08 07:08:22,ETHUSDT,ask,2350,4821.637
2024-08-08 07:08:23,ETHUSDT,ask,2350,4808.795
2024-08-08 07:08:23,ETHUSDT,ask,2350,4808.753
2024-08-08 07:08:23,ETHUSDT,ask,2350,4821.543
2024-08-08 07:08:23,ETHUSDT,ask,2350,4808.753
2024-08-08 07:08:24,ETHUSDT,ask,2350,4808.881
2024-08-08 07:08:24,ETHUSDT,ask,2350,4808.753
2024-08-08 07:08:24,ETHUSDT,ask,2350,4814.733
2024-08-08 07:08:27,ETHUSDT,ask,2350,4815.033
2024-08-08 07:08:27,ETHUSDT,ask,2350,4814.733
2024-08-08 07:08:27,ETHUSDT,ask,2350,4815.133
2024-08-08 07:08:27,ETHUSDT,ask,2350,4814.733
2024-08-08 07:08:28,ETHUSDT,ask,2350,4814.861
2024-08-08 07:08:31,ETHUSDT,ask,2350,4815.501
2024-08-08 07:08:33,ETHUSDT,ask,2350,4815.501
2024-08-08 07:08:33,ETHUSDT,ask,2350,4815.901
2024-08-08 07:08:33,ETHUSDT,ask,2350,4816.001
2024-08-08 07:08:33,ETHUSDT,ask,2350,4814.733
2024-08-08 07:08:33,ETHUSDT,ask,2350,4808.753
2024-08-08 07:08:33,ETHUSDT,ask,2350,4809.153
2024-08-08 07:08:33,ETHUSDT,ask,2350,4808.753
2024-08-08 07:08:34,ETHUSDT,ask,2350,4802.351
2024-08-08 07:09:40,ETHUSDT,bid,2270,4492.478
2024-08-08 07:11:10,ETHUSDT,bid,2270,4492.043
2024-08-08 07:13:15,ETHUSDT,bid,2280,4477.334
2024-08-08 07:13:39,ETHUSDT,bid,2250,4476.367
2024-08-08 07:13:39,ETHUSDT,bid,2250,4476.79
2024-08-08 07:13:40,ETHUSDT,bid,2250,4476.79
2024-08-08 07:13:40,ETHUSDT,bid,2250,4476.79
2024-08-08 07:13:40,ETHUSDT,bid,2250,4477.286
2024-08-08 07:13:40,ETHUSDT,bid,2250,4478.388
2024-08-08 07:13:42,ETHUSDT,bid,2250,4477.774
2024-08-08 07:13:43,ETHUSDT,bid,2250,4477.278
2024-08-08 07:13:44,ETHUSDT,bid,2250,4476.855
2024-08-08 07:13:45,ETHUSDT,bid,2250,4476.367
2024-08-08 07:15:21,ETHUSDT,bid,2250,4485.91
2024-08-08 07:15:21,ETHUSDT,bid,2250,4476.865
2024-08-08 07:15:23,ETHUSDT,bid,2250,4476.367
2024-08-08 07:15:30,ETHUSDT,bid,2250,4642.616
2024-08-08 07:15:30,ETHUSDT,bid,2250,4476.367
2024-08-08 07:16:45,ETHUSDT,bid,2280,4475.166
2024-08-08 07:18:09,ETHUSDT,bid,1700,6108.552
2024-08-08 07:20:17,ETHUSDT,ask,2350,4529.838
2024-08-08 07:20:32,ETHUSDT,bid,2230,4534.492
2024-08-08 07:23:47,ETHUSDT,bid,2280,4475.393
2024-08-08 07:25:12,ETHUSDT,bid,2230,4531.627
2024-08-08 07:27:23,ETHUSDT,bid,2290,4447.762
2024-08-08 07:27:38,ETHUSDT,bid,2290,4384.699
2024-08-08 07:28:02,ETHUSDT,bid,2250,4476.824
2024-08-08 07:29:14,ETHUSDT,bid,2280,4465.393
2024-08-08 07:30:03,ETHUSDT,bid,2270,4492.611
2024-08-08 07:30:06,ETHUSDT,ask,2680,3829.354
2024-08-08 07:30:52,ETHUSDT,bid,2280,4479.859
2024-08-08 07:32:22,ETHUSDT,bid,2280,4465.393
2024-08-08 07:32:35,ETHUSDT,ask,2330,9714.354
2024-08-08 07:32:47,ETHUSDT,ask,2330,9724.204
2024-08-08 07:32:49,ETHUSDT,ask,2330,9734.204
2024-08-08 07:32:53,ETHUSDT,bid,2290,4391.25
2024-08-08 07:32:54,ETHUSDT,ask,2330,9714.044
2024-08-08 07:32:55,ETHUSDT,ask,2330,9714.044
2024-08-08 07:32:56,ETHUSDT,ask,2330,9714.056
2024-08-08 07:32:57,ETHUSDT,ask,2330,9714.196
2024-08-08 07:32:57,ETHUSDT,ask,2330,9714.331
2024-08-08 07:32:58,ETHUSDT,ask,2330,9715.188
2024-08-08 07:32:59,ETHUSDT,ask,2330,9715.188
2024-08-08 07:32:59,ETHUSDT,ask,2330,9714.331
2024-08-08 07:33:00,ETHUSDT,ask,2330,9714.98
2024-08-08 07:33:01,ETHUSDT,ask,2330,9723.58
2024-08-08 07:33:01,ETHUSDT,ask,2330,9714.98
2024-08-08 07:33:01,ETHUSDT,ask,2330,9723.58
2024-08-08 07:33:02,ETHUSDT,ask,2330,9714.98
2024-08-08 07:33:02,ETHUSDT,ask,2330,9714.98
2024-08-08 07:33:02,ETHUSDT,ask,2330,9714.98
2024-08-08 07:33:03,ETHUSDT,ask,2330,9714.845
2024-08-08 07:33:03,ETHUSDT,ask,2330,9731.165
2024-08-08 07:33:04,ETHUSDT,ask,2330,9732.165
2024-08-08 07:33:04,ETHUSDT,ask,2330,9732.185
2024-08-08 07:33:04,ETHUSDT,ask,2330,9732.586
2024-08-08 07:33:04,ETHUSDT,ask,2330,9732.601
2024-08-08 07:33:05,ETHUSDT,ask,2330,9732.2
2024-08-08 07:33:05,ETHUSDT,ask,2330,9715.88
2024-08-08 07:33:05,ETHUSDT,ask,2330,9714.231
2024-08-08 07:33:06,ETHUSDT,ask,2330,9714.091
2024-08-08 07:33:07,ETHUSDT,ask,2330,9714.221
2024-08-08 07:33:08,ETHUSDT,ask,2330,9714.091
2024-08-08 07:33:09,ETHUSDT,ask,2330,9714.071
2024-08-08 07:33:28,ETHUSDT,ask,2330,9737.231
2024-08-08 07:33:29,ETHUSDT,ask,2330,9737.071
2024-08-08 07:33:47,ETHUSDT,bid,2290,4412.847
2024-08-08 07:33:52,ETHUSDT,bid,2290,4391.25
2024-08-08 07:34:13,ETHUSDT,bid,1960,5151.447
2024-08-08 07:35:36,ETHUSDT,bid,2280,4548.942
2024-08-08 07:35:43,ETHUSDT,bid,2280,4465.393
2024-08-08 07:36:07,ETHUSDT,bid,2280,4511.398
2024-08-08 07:36:18,ETHUSDT,bid,2270,4492.742
2024-08-08 07:36:38,ETHUSDT,bid,2290,4404.331
2024-08-08 07:38:06,ETHUSDT,bid,1700,6111.661
2024-08-08 07:38:12,ETHUSDT,bid,1700,6109.661
2024-08-08 07:38:52,ETHUSDT,bid,2270,4492.399
2024-08-08 07:39:16,ETHUSDT,bid,2280,4509.206
2024-08-08 07:39:16,ETHUSDT,bid,2280,4463.201
2024-08-08 07:39:19,ETHUSDT,bid,2270,4482.399
2024-08-08 07:39:19,ETHUSDT,bid,2290,4391.25
2024-08-08 07:39:31,ETHUSDT,bid,2280,4476.345
2024-08-08 07:40:05,ETHUSDT,bid,2230,4534.361
2024-08-08 07:40:05,ETHUSDT,bid,2230,4534.361
2024-08-08 07:40:08,ETHUSDT,bid,2230,4532.747
2024-08-08 07:40:10,ETHUSDT,bid,2230,4532.262
2024-08-08 07:40:11,ETHUSDT,bid,2230,4531.627
2024-08-08 07:40:16,ETHUSDT,bid,2230,4698.723
2024-08-08 07:40:16,ETHUSDT,bid,2230,4531.627
2024-08-08 07:40:17,ETHUSDT,bid,2280,4463.201
2024-08-08 07:40:37,ETHUSDT,bid,2270,4483.399
2024-08-08 07:42:15,ETHUSDT,bid,2280,4477.667
2024-08-08 07:43:39,ETHUSDT,bid,1680,5980.106
2024-08-08 07:43:42,ETHUSDT,bid,2290,4390.91
2024-08-08 07:44:38,ETHUSDT,bid,2290,4390.766
2024-08-08 07:45:46,ETHUSDT,bid,2230,4657.627
2024-08-08 07:45:51,ETHUSDT,bid,2250,4476.813
2024-08-08 07:47:07,ETHUSDT,bid,2280,4477.754
2024-08-08 07:47:51,ETHUSDT,bid,2250,4476.802
2024-08-08 07:48:07,ETHUSDT,bid,2280,4463.288
2024-08-08 07:49:21,ETHUSDT,bid,2270,4485.618
2024-08-08 07:49:43,ETHUSDT,bid,2250,4476.813
2024-08-08 07:49:43,ETHUSDT,bid,2250,4476.813
2024-08-08 07:49:44,ETHUSDT,bid,2250,4476.813
2024-08-08 07:49:51,ETHUSDT,bid,2250,4476.802
2024-08-08 07:49:51,ETHUSDT,bid,2250,4476.791
2024-08-08 07:50:01,ETHUSDT,bid,2250,4476.691
2024-08-08 07:50:37,ETHUSDT,bid,2250,4476.68
2024-08-08 07:51:17,ETHUSDT,bid,2270,4485.628
2024-08-08 07:53:29,ETHUSDT,bid,1950,5130.724
2024-08-08 07:53:37,ETHUSDT,bid,2270,4485.618
2024-08-08 07:54:08,ETHUSDT,bid,1700,6110.362
2024-08-08 07:56:19,ETHUSDT,bid,1700,6109.641
2024-08-08 07:57:44,ETHUSDT,bid,2250,4476.669
2024-08-08 08:01:53,ETHUSDT,bid,1680,5980.047
2024-08-08 08:02:41,ETHUSDT,bid,2270,4486.039
2024-08-08 08:03:43,ETHUSDT,bid,2290,4405.162
2024-08-08 08:03:44,ETHUSDT,ask,2710,3699.086
2024-08-08 08:06:00,ETHUSDT,bid,2270,4486.049
2024-08-08 08:06:21,ETHUSDT,bid,2270,4486.039
2024-08-08 08:07:06,ETHUSDT,bid,2230,4658.035
2024-08-08 08:07:43,ETHUSDT,bid,2230,4644.363
2024-08-08 08:07:45,ETHUSDT,bid,1700,6109.347
2024-08-08 08:09:00,ETHUSDT,bid,2270,4490.539
2024-08-08 08:09:05,ETHUSDT,bid,2270,4486.039
2024-08-08 08:11:05,ETHUSDT,bid,2280,4464.601
2024-08-08 08:11:51,ETHUSDT,ask,2680,3884.764
2024-08-08 08:12:12,ETHUSDT,bid,1700,6109.335
2024-08-08 08:12:20,ETHUSDT,bid,1700,6109.309
2024-08-08 08:12:21,ETHUSDT,bid,2290,4390.766
2024-08-08 08:12:37,ETHUSDT,bid,2280,4463.288
2024-08-08 08:12:57,ETHUSDT,bid,2230,4643.763
2024-08-08 08:13:08,ETHUSDT,bid,1960,5151.35
2024-08-08 08:13:08,ETHUSDT,bid,2290,4390.757
2024-08-08 08:13:18,ETHUSDT,bid,2270,4486.028
2024-08-08 08:14:08,ETHUSDT,bid,2290,4409.157
2024-08-08 08:14:08,ETHUSDT,bid,2290,4391.173
2024-08-08 08:14:09,ETHUSDT,bid,2290,4390.757
2024-08-08 08:14:23,ETHUSDT,bid,2290,4390.768
2024-08-08 08:15:17,ETHUSDT,bid,2290,4390.757
2024-08-08 08:15:23,ETHUSDT,bid,2230,4517.763
2024-08-08 08:16:18,ETHUSDT,ask,2400,5217.149
2024-08-08 08:16:21,ETHUSDT,bid,2290,4392.757
2024-08-08 08:16:33,ETHUSDT,ask,2400,5219.488
2024-08-08 08:16:54,ETHUSDT,ask,2400,5219.418
2024-08-08 08:16:58,ETHUSDT,ask,2400,5219.516
2024-08-08 08:17:06,ETHUSDT,bid,1700,6110.096
2024-08-08 08:17:06,ETHUSDT,bid,2290,4393.24
2024-08-08 08:17:06,ETHUSDT,bid,2290,4429.381
2024-08-08 08:17:07,ETHUSDT,bid,2290,4393.24
2024-08-08 08:17:07,ETHUSDT,bid,2290,4393.24
2024-08-08 08:17:08,ETHUSDT,bid,2290,4392.757
2024-08-08 08:17:13,ETHUSDT,ask,2400,5219.516
2024-08-08 08:17:22,ETHUSDT,ask,2400,5217.647
2024-08-08 08:17:23,ETHUSDT,ask,2400,5217.564
2024-08-08 08:17:27,ETHUSDT,ask,2400,5217.58
2024-08-08 08:17:40,ETHUSDT,ask,2400,5217.674
2024-08-08 08:18:28,ETHUSDT,ask,2400,5216.85
2024-08-08 08:18:47,ETHUSDT,bid,2290,4392.768
2024-08-08 08:18:57,ETHUSDT,ask,2400,5217.016
2024-08-08 08:19:04,ETHUSDT,bid,2290,4392.643
2024-08-08 08:19:47,ETHUSDT,ask,2400,5211.78
2024-08-08 08:19:54,ETHUSDT,ask,2400,5211.94
2024-08-08 08:20:00,ETHUSDT,ask,2400,5211.832
2024-08-08 08:20:24,ETHUSDT,ask,2400,5213.85
2024-08-08 08:21:35,ETHUSDT,ask,2400,5224.599
2024-08-08 08:21:47,ETHUSDT,ask,2400,5224.589
2024-08-08 08:22:08,ETHUSDT,bid,2290,4392.632
2024-08-08 08:22:16,ETHUSDT,ask,2400,5207.645
2024-08-08 08:22:43,ETHUSDT,ask,2400,5216.998
2024-08-08 08:22:50,ETHUSDT,ask,2400,5222.869
2024-08-08 08:22:53,ETHUSDT,ask,2400,5224.903
2024-08-08 08:22:53,ETHUSDT,ask,2400,5222.869
2024-08-08 08:22:53,ETHUSDT,ask,2400,5226.618
2024-08-08 08:22:57,ETHUSDT,ask,2400,5212.483
2024-08-08 08:22:59,ETHUSDT,ask,2400,5214.517
2024-08-08 08:23:03,ETHUSDT,ask,2400,5214.518
2024-08-08 08:23:05,ETHUSDT,ask,2400,5216.515
2024-08-08 08:23:10,ETHUSDT,ask,2400,5230.508
2024-08-08 08:23:13,ETHUSDT,ask,2400,5214.473
2024-08-08 08:23:18,ETHUSDT,ask,2400,5249.024
2024-08-08 08:23:20,ETHUSDT,bid,2270,4484.028
2024-08-08 08:23:30,ETHUSDT,bid,2290,4392.132
2024-08-08 08:24:58,ETHUSDT,ask,2680,3829.168
2024-08-08 08:25:58,ETHUSDT,bid,2290,4406.656
2024-08-08 08:25:58,ETHUSDT,bid,2270,4483.148
2024-08-08 08:27:39,ETHUSDT,bid,2270,4483.49
2024-08-08 08:29:10,ETHUSDT,bid,2290,4406.667
2024-08-08 08:29:55,ETHUSDT,bid,2290,4411.167
2024-08-08 08:29:59,ETHUSDT,bid,2290,4406.667
2024-08-08 08:30:43,ETHUSDT,bid,2250,4478.976
2024-08-08 08:30:57,ETHUSDT,bid,2280,4463.201
2024-08-08 08:31:03,ETHUSDT,bid,1960,5151.155
2024-08-08 08:31:23,ETHUSDT,bid,2270,4483.511
2024-08-08 08:32:21,ETHUSDT,bid,2250,4476.669
2024-08-08 08:32:47,ETHUSDT,bid,2290,4408.015
2024-08-08 08:34:59,ETHUSDT,ask,2380,6567.867
2024-08-08 08:35:05,ETHUSDT,ask,2380,6662.348
2024-08-08 08:35:09,ETHUSDT,bid,2250,4476.658
2024-08-08 08:35:42,ETHUSDT,bid,2280,4463.114
2024-08-08 08:35:58,ETHUSDT,bid,2250,4476.647
2024-08-08 08:36:12,ETHUSDT,ask,2390,6815.462
2024-08-08 08:36:14,ETHUSDT,ask,2390,6815.471
2024-08-08 08:36:15,ETHUSDT,ask,2390,6265.941
2024-08-08 08:36:24,ETHUSDT,ask,2390,6267.89
2024-08-08 08:36:29,ETHUSDT,ask,2390,6324.409
2024-08-08 08:36:31,ETHUSDT,ask,2390,6322.46
2024-08-08 08:36:43,ETHUSDT,ask,2390,6266.541
2024-08-08 08:36:43,ETHUSDT,ask,2390,6814.961
2024-08-08 08:36:52,ETHUSDT,ask,2390,6814.522
2024-08-08 08:36:52,ETHUSDT,bid,2290,4408.004
2024-08-08 08:36:56,ETHUSDT,ask,2390,6267.894
2024-08-08 08:36:57,ETHUSDT,ask,2390,6273.221
2024-08-08 08:38:48,ETHUSDT,bid,2270,4463.511
2024-08-08 08:38:57,ETHUSDT,bid,2290,4408.004
2024-08-08 08:39:05,ETHUSDT,bid,2290,4408.004
2024-08-08 08:40:00,ETHUSDT,ask,2390,4869.802
2024-08-08 08:40:02,ETHUSDT,bid,2290,4412.281
2024-08-08 08:40:02,ETHUSDT,bid,2290,4481.24
2024-08-08 08:40:04,ETHUSDT,bid,2290,4567.672
2024-08-08 08:40:04,ETHUSDT,bid,2290,4571.949
2024-08-08 08:40:04,ETHUSDT,bid,2290,4647.689
2024-08-08 08:40:06,ETHUSDT,ask,2400,5192.775
2024-08-08 08:40:08,ETHUSDT,ask,2400,5192.775
2024-08-08 08:40:16,ETHUSDT,ask,2390,4869.734
2024-08-08 08:40:21,ETHUSDT,ask,2400,5192.905
2024-08-08 08:40:22,ETHUSDT,ask,2400,5194.891
2024-08-08 08:40:22,ETHUSDT,ask,2400,5195.891
2024-08-08 08:40:26,ETHUSDT,ask,2400,5197.881
2024-08-08 08:40:26,ETHUSDT,ask,2400,5199.871
2024-08-08 08:40:26,ETHUSDT,ask,2400,5193.905
2024-08-08 08:40:27,ETHUSDT,ask,2400,5194.113
2024-08-08 08:40:30,ETHUSDT,ask,2400,5196.103
2024-08-08 08:40:36,ETHUSDT,ask,2390,4869.785
2024-08-08 08:40:49,ETHUSDT,ask,2390,4869.785
2024-08-08 08:41:00,ETHUSDT,bid,2290,4603.413
2024-08-08 08:41:00,ETHUSDT,bid,2290,4499.455
2024-08-08 08:41:00,ETHUSDT,bid,2290,4488.021
2024-08-08 08:41:00,ETHUSDT,bid,2290,4412.281
2024-08-08 08:41:00,ETHUSDT,bid,2290,4408.004
2024-08-08 08:41:08,ETHUSDT,ask,2390,4869.868
2024-08-08 08:41:11,ETHUSDT,ask,2400,5189.754
2024-08-08 08:41:20,ETHUSDT,ask,2400,5191.859
2024-08-08 08:41:30,ETHUSDT,ask,2390,4869.885
2024-08-08 08:41:37,ETHUSDT,ask,2400,5189.956
2024-08-08 08:41:45,ETHUSDT,bid,1700,6124.801
2024-08-08 08:41:47,ETHUSDT,ask,2400,5189.956
2024-08-08 08:41:48,ETHUSDT,ask,2390,4870.885
2024-08-08 08:41:51,ETHUSDT,ask,2390,4880.885
2024-08-08 08:41:52,ETHUSDT,ask,2390,4870.885
2024-08-08 08:41:57,ETHUSDT,ask,2400,5191.036
2024-08-08 08:42:04,ETHUSDT,ask,2400,5193.005
2024-08-08 08:42:10,ETHUSDT,ask,2400,5192.753
2024-08-08 08:42:17,ETHUSDT,ask,2390,4872.141
2024-08-08 08:42:19,ETHUSDT,ask,2400,5237.175
2024-08-08 08:42:20,ETHUSDT,ask,2390,4874.822
2024-08-08 08:42:20,ETHUSDT,ask,2400,5247.175
2024-08-08 08:42:25,ETHUSDT,ask,2400,5200.665
2024-08-08 08:42:25,ETHUSDT,ask,2400,5200.745
2024-08-08 08:42:27,ETHUSDT,ask,2400,5213.604
2024-08-08 08:42:28,ETHUSDT,ask,2400,5213.595
2024-08-08 08:42:29,ETHUSDT,ask,2400,5217.563
2024-08-08 08:44:37,ETHUSDT,bid,2290,4393.48
2024-08-08 08:44:51,ETHUSDT,bid,1680,5979.869
2024-08-08 08:44:56,ETHUSDT,bid,2290,4393.469
2024-08-08 08:44:56,ETHUSDT,bid,1700,6123.801
2024-08-08 08:45:16,ETHUSDT,bid,2270,4462.943
2024-08-08 08:45:55,ETHUSDT,bid,2290,4391.469
2024-08-08 08:46:07,ETHUSDT,bid,2290,4391.419
2024-08-08 08:47:24,ETHUSDT,bid,1960,5152.685
2024-08-08 08:48:39,ETHUSDT,bid,2270,4462.921
2024-08-08 08:49:51,ETHUSDT,ask,2680,3828.422
2024-08-08 08:49:56,ETHUSDT,ask,2680,3828.981
2024-08-08 08:50:24,ETHUSDT,bid,2280,4461.194
2024-08-08 08:50:58,ETHUSDT,bid,2230,4517.783
2024-08-08 08:51:17,ETHUSDT,bid,1960,5151.155
2024-08-08 08:51:27,ETHUSDT,bid,2270,4460.217
2024-08-08 08:52:05,ETHUSDT,ask,2430,5006.13
2024-08-08 08:52:12,ETHUSDT,ask,2430,5025.172
2024-08-08 08:52:12,ETHUSDT,ask,2430,5025.108
2024-08-08 08:52:16,ETHUSDT,ask,2430,5025.524
2024-08-08 08:52:17,ETHUSDT,ask,2430,5025.123
2024-08-08 08:52:17,ETHUSDT,ask,2430,5024.82
2024-08-08 08:52:18,ETHUSDT,ask,2430,5025.44
2024-08-08 08:52:18,ETHUSDT,ask,2430,5014.765
2024-08-08 08:52:18,ETHUSDT,ask,2430,5024.561
2024-08-08 08:52:19,ETHUSDT,ask,2430,5025.121
2024-08-08 08:52:19,ETHUSDT,ask,2430,5024.561
2024-08-08 08:52:19,ETHUSDT,ask,2430,5014.765
2024-08-08 08:52:19,ETHUSDT,ask,2430,5024.314
2024-08-08 08:52:19,ETHUSDT,ask,2430,5014.765
2024-08-08 08:52:20,ETHUSDT,ask,2430,5024.692
2024-08-08 08:52:20,ETHUSDT,ask,2430,5014.815
2024-08-08 08:52:20,ETHUSDT,ask,2430,5025.053
2024-08-08 08:52:50,ETHUSDT,bid,1700,6123.502
2024-08-08 08:53:24,ETHUSDT,bid,2430,7856.538
2024-08-08 08:53:26,ETHUSDT,bid,2430,7854.278
2024-08-08 08:53:26,ETHUSDT,bid,2430,14477.354
2024-08-08 08:53:32,ETHUSDT,bid,2430,14477.454
2024-08-08 08:53:42,ETHUSDT,bid,2430,14503.454
2024-08-08 08:53:43,ETHUSDT,bid,2430,14477.454
2024-08-08 08:53:52,ETHUSDT,bid,2430,14473.341
2024-08-08 08:53:59,ETHUSDT,bid,2430,14473.331
2024-08-08 08:54:00,ETHUSDT,bid,2430,7850.255
2024-08-08 08:54:14,ETHUSDT,ask,2680,3828.517
2024-08-08 08:54:21,ETHUSDT,bid,2270,4460.227
2024-08-08 08:54:41,ETHUSDT,bid,2270,4460.061
2024-08-08 08:55:58,ETHUSDT,bid,2430,5032.427
2024-08-08 08:56:00,ETHUSDT,bid,2430,5034.464
2024-08-08 08:56:02,ETHUSDT,bid,2430,5011.459
2024-08-08 08:56:02,ETHUSDT,bid,2430,5032.461
2024-08-08 08:56:02,ETHUSDT,bid,2430,5032.478
2024-08-08 08:56:03,ETHUSDT,bid,2430,5010.041
2024-08-08 08:56:07,ETHUSDT,bid,2430,5034.518
2024-08-08 08:56:08,ETHUSDT,bid,2430,5034.695
2024-08-08 08:56:08,ETHUSDT,bid,2430,5021.695
2024-08-08 08:56:25,ETHUSDT,bid,2270,4457.842
2024-08-08 08:56:44,ETHUSDT,ask,2680,3832.237
2024-08-08 08:56:45,ETHUSDT,ask,2680,3832.257
2024-08-08 08:56:56,ETHUSDT,ask,2680,3832.257
2024-08-08 08:57:11,ETHUSDT,ask,2680,3832.237
2024-08-08 08:57:16,ETHUSDT,ask,2680,3832.217
2024-08-08 08:57:36,ETHUSDT,bid,2280,4461.632
2024-08-08 08:57:42,ETHUSDT,ask,2680,3832.155
2024-08-08 08:57:44,ETHUSDT,bid,2230,4518.231
2024-08-08 08:59:16,ETHUSDT,bid,2280,4458.832
2024-08-08 08:59:21,ETHUSDT,ask,2680,3832.155
2024-08-08 09:00:18,ETHUSDT,bid,2270,4457.95
2024-08-08 09:02:59,ETHUSDT,bid,1700,6124.721
2024-08-08 09:03:19,ETHUSDT,bid,1700,6125.124
2024-08-08 09:03:29,ETHUSDT,bid,1960,5151.167
2024-08-08 09:04:35,ETHUSDT,bid,2290,4387.827
2024-08-08 09:04:57,ETHUSDT,bid,1700,6110.419
2024-08-08 09:05:31,ETHUSDT,bid,1700,6109.419
2024-08-08 09:05:36,ETHUSDT,bid,2250,4475.933
2024-08-08 09:05:37,ETHUSDT,bid,2270,4457.96
2024-08-08 09:05:44,ETHUSDT,bid,2250,4475.889
2024-08-08 09:05:45,ETHUSDT,bid,2230,4517.783
2024-08-08 09:05:46,ETHUSDT,bid,2280,4458.394
2024-08-08 09:05:47,ETHUSDT,bid,2270,4453.526
2024-08-08 09:07:05,ETHUSDT,bid,1700,6106.31
2024-08-08 09:08:00,ETHUSDT,bid,2270,4463.01
2024-08-08 09:08:04,ETHUSDT,bid,2250,4475.432
2024-08-08 09:08:24,ETHUSDT,bid,2270,4461.912
2024-08-08 09:10:57,ETHUSDT,bid,1960,5151.19
2024-08-08 09:12:19,ETHUSDT,ask,2680,3830.667
2024-08-08 09:12:45,ETHUSDT,bid,2270,4452.428
2024-08-08 09:12:46,ETHUSDT,bid,2270,4461.954
2024-08-08 09:14:35,ETHUSDT,bid,2290,4388.18
2024-08-08 09:14:45,ETHUSDT,ask,2730,3672.732
2024-08-08 09:15:26,ETHUSDT,bid,2270,4461.969
2024-08-08 09:15:36,ETHUSDT,ask,2680,3832.692
2024-08-08 09:16:22,ETHUSDT,ask,2680,3832.763
2024-08-08 09:17:30,ETHUSDT,bid,2270,4452.443
2024-08-08 09:17:32,ETHUSDT,bid,2250,4475.423
2024-08-08 09:17:52,ETHUSDT,bid,2270,4452.335
2024-08-08 09:18:23,ETHUSDT,bid,2270,4451.993
2024-08-08 09:19:19,ETHUSDT,bid,2270,4451.978
2024-08-08 09:19:21,ETHUSDT,bid,2290,4388.117
2024-08-08 09:20:06,ETHUSDT,bid,2270,4451.759
2024-08-08 09:20:56,ETHUSDT,bid,2290,4387.764
2024-08-08 09:22:03,ETHUSDT,bid,1700,6098.378
2024-08-08 09:22:32,ETHUSDT,bid,2270,4451.749
2024-08-08 09:24:22,ETHUSDT,bid,2290,4387.743
2024-08-08 09:24:39,ETHUSDT,ask,2680,3832.738
2024-08-08 09:24:39,ETHUSDT,ask,2710,3698.966
2024-08-08 09:24:39,ETHUSDT,ask,2730,3672.707
2024-08-08 09:25:21,ETHUSDT,ask,2680,3833.738
2024-08-08 09:25:47,ETHUSDT,bid,2230,4517.54
2024-08-08 09:26:27,ETHUSDT,ask,2680,3833.764
2024-08-08 09:26:27,ETHUSDT,ask,2710,3698.992
2024-08-08 09:26:27,ETHUSDT,ask,2730,3672.742
2024-08-08 09:26:49,ETHUSDT,bid,2280,4460.406
2024-08-08 09:26:56,ETHUSDT,bid,2280,4458.394
2024-08-08 09:27:17,ETHUSDT,bid,2270,4451.529
2024-08-08 09:28:23,ETHUSDT,bid,2290,4387.706
2024-08-08 09:28:55,ETHUSDT,ask,2680,3833.814
2024-08-08 09:28:55,ETHUSDT,ask,2710,3699.041
2024-08-08 09:28:55,ETHUSDT,ask,2730,3672.792
2024-08-08 09:28:57,ETHUSDT,ask,2730,3672.782
2024-08-08 09:29:39,ETHUSDT,bid,2290,4377.706
2024-08-08 09:29:58,ETHUSDT,bid,2230,4517.53
2024-08-08 09:31:20,ETHUSDT,bid,1700,6099.182
2024-08-08 09:31:30,ETHUSDT,bid,2270,4451.629
2024-08-08 09:32:51,ETHUSDT,ask,2460,7418.441
2024-08-08 09:33:00,ETHUSDT,ask,2460,11377.822
2024-08-08 09:33:07,ETHUSDT,ask,2460,7417.227
2024-08-08 09:33:11,ETHUSDT,ask,2450,5427.11
2024-08-08 09:33:13,ETHUSDT,ask,2450,5426.9
2024-08-08 09:33:14,ETHUSDT,ask,2450,5427.2
2024-08-08 09:33:14,ETHUSDT,ask,2460,7416.927
2024-08-08 09:33:17,ETHUSDT,bid,1700,6098.378
2024-08-08 09:35:11,ETHUSDT,bid,2250,4475.327
2024-08-08 09:35:11,ETHUSDT,bid,2280,4458.299
2024-08-08 09:35:43,ETHUSDT,bid,2270,4651.629
2024-08-08 09:36:25,ETHUSDT,bid,1960,5151.201
2024-08-08 09:38:38,ETHUSDT,ask,2680,3834.017
2024-08-08 09:40:51,ETHUSDT,ask,2680,3843.934
2024-08-08 09:41:06,ETHUSDT,bid,2450,4099.777
2024-08-08 09:41:06,ETHUSDT,bid,2450,4099.762
2024-08-08 09:41:10,ETHUSDT,bid,2450,7210.177
2024-08-08 09:41:12,ETHUSDT,bid,2450,7211.956
2024-08-08 09:41:16,ETHUSDT,bid,2450,7209.981
2024-08-08 09:41:21,ETHUSDT,bid,2450,7208.202
2024-08-08 09:41:24,ETHUSDT,bid,2450,7204.252
2024-08-08 09:41:29,ETHUSDT,bid,2450,7162.773
2024-08-08 09:41:49,ETHUSDT,bid,1680,5979.83
2024-08-08 09:41:49,ETHUSDT,bid,1700,6098.339
2024-08-08 09:41:49,ETHUSDT,bid,1710,5881.037
2024-08-08 09:41:49,ETHUSDT,bid,1960,5151.162
2024-08-08 09:46:22,ETHUSDT,bid,2440,4287.216
2024-08-08 09:46:22,ETHUSDT,bid,2440,7572.665
2024-08-08 09:46:29,ETHUSDT,bid,2440,4253.111
2024-08-08 09:46:35,ETHUSDT,bid,2440,7504.059
2024-08-08 09:46:37,ETHUSDT,bid,2450,7571.03
2024-08-08 09:46:42,ETHUSDT,bid,2450,7569.05
2024-08-08 09:46:46,ETHUSDT,bid,2450,7566.05
2024-08-08 09:46:47,ETHUSDT,bid,2450,4339.28
2024-08-08 09:46:48,ETHUSDT,bid,2440,7564.776
2024-08-08 09:46:54,ETHUSDT,bid,2440,7538.852
2024-08-08 09:46:54,ETHUSDT,bid,2440,7540.836
2024-08-08 09:46:54,ETHUSDT,bid,2440,7438.709
2024-08-08 09:47:09,ETHUSDT,bid,2440,7438.719
2024-08-08 09:47:20,ETHUSDT,bid,2440,7434.76
2024-08-08 09:47:24,ETHUSDT,bid,2440,7434.751
2024-08-08 09:47:25,ETHUSDT,bid,2440,7434.901
2024-08-08 09:47:27,ETHUSDT,bid,2440,7434.91
2024-08-08 09:47:32,ETHUSDT,bid,2440,7434.901
2024-08-08 09:47:32,ETHUSDT,bid,2440,7443.925
2024-08-08 09:47:33,ETHUSDT,bid,2440,7503.925
2024-08-08 09:47:34,ETHUSDT,bid,2440,7494.901
2024-08-08 09:47:34,ETHUSDT,bid,2440,4205.156
2024-08-08 09:47:38,ETHUSDT,bid,2450,7437.292
2024-08-08 09:47:56,ETHUSDT,bid,2450,7436.56
2024-08-08 09:47:57,ETHUSDT,bid,2280,4458.125
2024-08-08 09:47:59,ETHUSDT,bid,2450,7436.569
2024-08-08 09:48:09,ETHUSDT,bid,2450,7436.619
2024-08-08 09:48:42,ETHUSDT,bid,2450,4124.862
2024-08-08 09:48:51,ETHUSDT,bid,2450,4124.422
2024-08-08 09:48:51,ETHUSDT,bid,2450,7398.372
2024-08-08 09:49:05,ETHUSDT,bid,2450,7398.992
2024-08-08 09:49:07,ETHUSDT,bid,2450,4110.034
2024-08-08 09:49:12,ETHUSDT,bid,2450,4136.034
2024-08-08 09:49:13,ETHUSDT,bid,2450,4110.034
2024-08-08 09:49:15,ETHUSDT,bid,2450,4136.034
2024-08-08 09:49:16,ETHUSDT,bid,2450,4110.034
2024-08-08 09:49:21,ETHUSDT,bid,2450,4110.025
2024-08-08 09:49:21,ETHUSDT,bid,2450,4110.034
2024-08-08 09:49:22,ETHUSDT,bid,2450,7282.611
2024-08-08 09:49:30,ETHUSDT,bid,2450,7284.606
2024-08-08 09:49:30,ETHUSDT,bid,2440,7212.301
2024-08-08 09:49:37,ETHUSDT,bid,2440,7212.318
2024-08-08 09:49:46,ETHUSDT,bid,2450,7221.426
2024-08-08 09:49:55,ETHUSDT,bid,2450,7221.868
2024-08-08 09:50:00,ETHUSDT,bid,2440,7101.722
2024-08-08 09:50:06,ETHUSDT,bid,2440,7101.732
2024-08-08 09:50:13,ETHUSDT,bid,2440,7101.715
2024-08-08 09:50:15,ETHUSDT,bid,2440,7101.705
2024-08-08 09:50:52,ETHUSDT,bid,2450,7158.557
2024-08-08 09:50:53,ETHUSDT,bid,2450,7157.068
2024-08-08 09:51:02,ETHUSDT,bid,2450,7117.635
2024-08-08 09:51:05,ETHUSDT,bid,2450,7118.18
2024-08-08 09:51:09,ETHUSDT,bid,2450,7118.171
2024-08-08 09:51:12,ETHUSDT,bid,2450,7117.957
2024-08-08 09:51:14,ETHUSDT,bid,2450,7117.337
2024-08-08 09:51:20,ETHUSDT,bid,2450,7153.899
2024-08-08 09:51:22,ETHUSDT,bid,2450,7117.337
2024-08-08 09:51:26,ETHUSDT,bid,2450,7117.465
2024-08-08 09:51:27,ETHUSDT,bid,2450,7117.475
2024-08-08 09:51:28,ETHUSDT,bid,2450,7119.459
2024-08-08 09:51:28,ETHUSDT,bid,2450,7042.493
2024-08-08 09:51:35,ETHUSDT,bid,2450,7044.519
2024-08-08 09:51:36,ETHUSDT,bid,1960,5149.954
2024-08-08 09:51:39,ETHUSDT,bid,2450,7001.775
2024-08-08 09:51:40,ETHUSDT,bid,2450,6999.952
2024-08-08 09:52:31,ETHUSDT,ask,2680,3843.925
2024-08-08 09:53:20,ETHUSDT,bid,2450,6986.592
2024-08-08 09:53:23,ETHUSDT,bid,2450,7001.986
2024-08-08 09:53:24,ETHUSDT,bid,2450,7001.977
2024-08-08 09:53:28,ETHUSDT,bid,2450,7001.986
2024-08-08 09:53:37,ETHUSDT,ask,2710,3697.196
2024-08-08 09:53:37,ETHUSDT,bid,2450,9180.317
2024-08-08 09:53:38,ETHUSDT,bid,2450,9112.656
2024-08-08 09:53:48,ETHUSDT,bid,1700,6098.377
2024-08-08 09:54:15,ETHUSDT,ask,2460,9409.234
2024-08-08 09:54:17,ETHUSDT,ask,2460,9302.9
2024-08-08 09:54:20,ETHUSDT,ask,2460,9311.124
2024-08-08 09:54:41,ETHUSDT,bid,2290,4377.696
2024-08-08 09:54:42,ETHUSDT,ask,2460,9311.026
2024-08-08 09:55:22,ETHUSDT,ask,2460,9393.039
2024-08-08 09:55:24,ETHUSDT,ask,2460,9394.28
2024-08-08 09:55:27,ETHUSDT,ask,2460,9394.27
2024-08-08 09:55:29,ETHUSDT,ask,2460,9393.046
2024-08-08 09:55:33,ETHUSDT,ask,2460,9393.046
2024-08-08 09:55:34,ETHUSDT,ask,2460,9393.026
2024-08-08 09:55:54,ETHUSDT,ask,2460,9258.03
2024-08-08 09:56:30,ETHUSDT,ask,2460,9320.047
2024-08-08 09:56:41,ETHUSDT,ask,2460,9311.963
2024-08-08 09:56:43,ETHUSDT,ask,2460,9310.963
2024-08-08 09:56:58,ETHUSDT,ask,2460,9258.225
2024-08-08 09:57:01,ETHUSDT,ask,2460,9252.583
2024-08-08 09:57:02,ETHUSDT,ask,2460,9260.112
2024-08-08 09:57:09,ETHUSDT,ask,2460,9209.858
2024-08-08 09:57:17,ETHUSDT,ask,2460,9210.083
2024-08-08 09:57:22,ETHUSDT,ask,2460,9303.33
2024-08-08 09:57:24,ETHUSDT,ask,2460,9303.339
2024-08-08 09:57:35,ETHUSDT,ask,2460,9303.349
2024-08-08 09:57:37,ETHUSDT,ask,2460,9305.149
2024-08-08 09:57:38,ETHUSDT,ask,2460,9331.149
2024-08-08 09:57:45,ETHUSDT,ask,2460,9305.149
2024-08-08 09:57:51,ETHUSDT,ask,2460,9312.659
2024-08-08 09:58:01,ETHUSDT,ask,2460,9312.764
2024-08-08 09:58:10,ETHUSDT,ask,2460,9312.953
2024-08-08 09:58:11,ETHUSDT,ask,2460,9338.953
2024-08-08 09:58:12,ETHUSDT,ask,2460,9322.953
2024-08-08 09:58:12,ETHUSDT,ask,2460,9338.953
2024-08-08 09:58:12,ETHUSDT,ask,2460,9312.953
2024-08-08 09:58:17,ETHUSDT,ask,2460,9338.953
2024-08-08 09:58:21,ETHUSDT,ask,2460,9338.953
2024-08-08 09:58:23,ETHUSDT,ask,2460,9312.953
2024-08-08 09:58:25,ETHUSDT,ask,2460,9338.953
2024-08-08 09:58:31,ETHUSDT,ask,2460,9312.956
2024-08-08 09:58:34,ETHUSDT,ask,2450,9090.292
2024-08-08 09:58:40,ETHUSDT,ask,2450,9108.959
2024-08-08 09:58:43,ETHUSDT,bid,2290,4379.696
2024-08-08 09:59:07,ETHUSDT,ask,2450,9134.959
2024-08-08 09:59:10,ETHUSDT,ask,2450,9108.968
2024-08-08 09:59:22,ETHUSDT,ask,2450,8956.203
2024-08-08 09:59:38,ETHUSDT,ask,2460,9037.543
2024-08-08 09:59:45,ETHUSDT,ask,2460,9037.805
2024-08-08 09:59:51,ETHUSDT,ask,2460,9037.818
2024-08-08 09:59:58,ETHUSDT,ask,2460,9037.918
2024-08-08 10:00:03,ETHUSDT,ask,2460,9037.316
2024-08-08 10:00:14,ETHUSDT,ask,2460,9037.39
2024-08-08 10:00:28,ETHUSDT,ask,2460,8945.704
2024-08-08 10:00:35,ETHUSDT,ask,2450,9047.042
2024-08-08 10:00:36,ETHUSDT,ask,2450,8929.478
2024-08-08 10:01:28,ETHUSDT,bid,1950,5128.025
2024-08-08 10:01:38,ETHUSDT,bid,2440,4248.517
2024-08-08 10:01:40,ETHUSDT,bid,2440,4296.983
2024-08-08 10:01:42,ETHUSDT,bid,2440,7996.407
2024-08-08 10:01:42,ETHUSDT,bid,2440,7981.407
2024-08-08 10:01:43,ETHUSDT,bid,2440,7981.398
2024-08-08 10:01:53,ETHUSDT,bid,2440,7981.407
2024-08-08 10:01:56,ETHUSDT,bid,2440,7980.386
2024-08-08 10:02:03,ETHUSDT,bid,1940,5408.961
2024-08-08 10:02:06,ETHUSDT,bid,2440,7980.377
2024-08-08 10:02:07,ETHUSDT,bid,2450,7973.178
2024-08-08 10:02:07,ETHUSDT,bid,2450,7971.779
2024-08-08 10:02:11,ETHUSDT,bid,2450,7969.194
2024-08-08 10:02:15,ETHUSDT,bid,2450,7970.966
2024-08-08 10:02:20,ETHUSDT,bid,2450,7971.096
2024-08-08 10:02:20,ETHUSDT,bid,2450,7980.045
2024-08-08 10:02:23,ETHUSDT,bid,2450,7980.035
2024-08-08 10:02:25,ETHUSDT,bid,2450,7973.709
2024-08-08 10:02:30,ETHUSDT,bid,2450,7964.76
2024-08-08 10:02:35,ETHUSDT,bid,2450,7970.287
2024-08-08 10:02:36,ETHUSDT,bid,2450,7964.76
2024-08-08 10:02:43,ETHUSDT,bid,2450,7964.91
2024-08-08 10:02:47,ETHUSDT,bid,2450,7964.645
2024-08-08 10:03:02,ETHUSDT,bid,2450,7964.495
2024-08-08 10:03:03,ETHUSDT,bid,2450,7964.509
2024-08-08 10:03:07,ETHUSDT,bid,2450,7967.509
2024-08-08 10:03:19,ETHUSDT,bid,2450,4205.565
2024-08-08 10:03:28,ETHUSDT,bid,2450,4205.574
2024-08-08 10:03:30,ETHUSDT,bid,2450,7871.759
2024-08-08 10:03:31,ETHUSDT,bid,2450,7862.421
2024-08-08 10:03:31,ETHUSDT,bid,2450,7878.421
2024-08-08 10:03:31,ETHUSDT,bid,2450,7862.421
2024-08-08 10:03:32,ETHUSDT,bid,2450,7863.956
2024-08-08 10:03:32,ETHUSDT,bid,2450,7883.836
2024-08-08 10:03:33,ETHUSDT,bid,2450,7883.816
2024-08-08 10:03:37,ETHUSDT,bid,2450,7863.816
2024-08-08 10:03:43,ETHUSDT,bid,2450,7863.866
2024-08-08 10:04:17,ETHUSDT,bid,2450,7865.336
2024-08-08 10:04:18,ETHUSDT,bid,2440,4137.148
2024-08-08 10:04:30,ETHUSDT,bid,2440,7716.486
2024-08-08 10:04:31,ETHUSDT,ask,2460,5010.466
2024-08-08 10:04:33,ETHUSDT,bid,2450,4095.725
2024-08-08 10:04:33,ETHUSDT,bid,2450,4090.404
2024-08-08 10:04:35,ETHUSDT,bid,2450,4092.957
2024-08-08 10:04:36,ETHUSDT,bid,2450,4094.927
2024-08-08 10:04:38,ETHUSDT,ask,2460,4964.072
2024-08-08 10:04:39,ETHUSDT,bid,2450,4094.13
2024-08-08 10:04:40,ETHUSDT,ask,2460,9240.935
2024-08-08 10:04:46,ETHUSDT,bid,2450,7711.492
2024-08-08 10:04:47,ETHUSDT,bid,2450,7713.463
2024-08-08 10:04:47,ETHUSDT,bid,2440,7524.94
2024-08-08 10:04:47,ETHUSDT,bid,2440,7527.521
2024-08-08 10:04:53,ETHUSDT,bid,2440,7528.336
2024-08-08 10:05:10,ETHUSDT,ask,2460,9195.399
2024-08-08 10:05:13,ETHUSDT,ask,2460,9195.196
2024-08-08 10:05:19,ETHUSDT,ask,2460,9196.697
2024-08-08 10:05:21,ETHUSDT,ask,2460,9272.697
2024-08-08 10:05:23,ETHUSDT,ask,2460,9246.697
2024-08-08 10:05:29,ETHUSDT,bid,2280,4468.13
2024-08-08 10:05:31,ETHUSDT,ask,2460,9246.705
2024-08-08 10:05:32,ETHUSDT,ask,2460,9245.689
2024-08-08 10:05:54,ETHUSDT,ask,2460,9120.39
2024-08-08 10:05:57,ETHUSDT,bid,2450,7611.037
2024-08-08 10:05:58,ETHUSDT,ask,2460,9078.133
2024-08-08 10:06:10,ETHUSDT,ask,2460,9095.755
2024-08-08 10:06:15,ETHUSDT,ask,2460,9095.697
2024-08-08 10:06:16,ETHUSDT,ask,2460,8927.75
2024-08-08 10:06:23,ETHUSDT,bid,2450,7611.187
2024-08-08 10:07:03,ETHUSDT,ask,2460,8929.002
2024-08-08 10:07:07,ETHUSDT,bid,2450,7478.17
2024-08-08 10:07:10,ETHUSDT,bid,1700,6097.59
2024-08-08 10:07:11,ETHUSDT,bid,2450,7479.838
2024-08-08 10:07:12,ETHUSDT,ask,2680,3843.849
2024-08-08 10:07:12,ETHUSDT,ask,2710,3697.121
2024-08-08 10:07:12,ETHUSDT,ask,2730,3671.707
2024-08-08 10:07:18,ETHUSDT,ask,2460,8927.89
2024-08-08 10:07:20,ETHUSDT,bid,2450,7478.17
2024-08-08 10:07:21,ETHUSDT,bid,2450,7479.741
2024-08-08 10:07:22,ETHUSDT,ask,2460,4127.545
2024-08-08 10:07:23,ETHUSDT,ask,2460,4135.65
2024-08-08 10:07:34,ETHUSDT,ask,2460,4125.745
2024-08-08 10:07:34,ETHUSDT,ask,2460,4126.003
2024-08-08 10:07:36,ETHUSDT,ask,2460,4920.535
2024-08-08 10:07:37,ETHUSDT,ask,2460,5673.519
2024-08-08 10:07:47,ETHUSDT,ask,2460,5683.519
2024-08-08 10:07:52,ETHUSDT,ask,2460,4126.443
2024-08-08 10:07:55,ETHUSDT,ask,2460,5642.183
2024-08-08 10:08:11,ETHUSDT,ask,2450,5109.935
2024-08-08 10:08:12,ETHUSDT,ask,2460,4128.434
2024-08-08 10:08:14,ETHUSDT,ask,2450,9074.323
2024-08-08 10:08:19,ETHUSDT,ask,2450,9599.232
2024-08-08 10:08:39,ETHUSDT,ask,2450,9569.658
2024-08-08 10:08:47,ETHUSDT,ask,2450,9595.716
2024-08-08 10:08:48,ETHUSDT,ask,2450,9570.886
2024-08-08 10:08:49,ETHUSDT,ask,2450,9572.123
2024-08-08 10:08:50,ETHUSDT,ask,2450,9571.663
2024-08-08 10:08:55,ETHUSDT,ask,2450,9560.426
2024-08-08 10:08:57,ETHUSDT,ask,2680,3843.899
2024-08-08 10:08:57,ETHUSDT,ask,2710,3697.171
2024-08-08 10:08:57,ETHUSDT,ask,2730,3671.756
2024-08-08 10:08:58,ETHUSDT,ask,2450,9559.189
2024-08-08 10:09:04,ETHUSDT,ask,2450,5702.83
2024-08-08 10:09:17,ETHUSDT,ask,2450,9595.024
2024-08-08 10:09:51,ETHUSDT,ask,2450,9573.159
2024-08-08 10:09:55,ETHUSDT,ask,2450,9572.793
2024-08-08 10:10:04,ETHUSDT,ask,2450,9574.793
2024-08-08 10:10:08,ETHUSDT,ask,2450,9583.061
2024-08-08 10:10:08,ETHUSDT,ask,2450,9574.526
2024-08-08 10:10:11,ETHUSDT,ask,2450,9574.376
2024-08-08 10:10:17,ETHUSDT,bid,2280,4458.125
2024-08-08 10:10:18,ETHUSDT,ask,2450,9574.57
2024-08-08 10:10:18,ETHUSDT,bid,2280,4468.169
2024-08-08 10:10:23,ETHUSDT,bid,2230,4517.419
2024-08-08 10:10:23,ETHUSDT,bid,2250,4475.216
2024-08-08 10:10:23,ETHUSDT,bid,2280,4468.058
2024-08-08 10:10:26,ETHUSDT,ask,2450,9579.57
2024-08-08 10:10:29,ETHUSDT,ask,2450,9578.958
2024-08-08 10:10:48,ETHUSDT,ask,2450,9579.618
2024-08-08 10:10:55,ETHUSDT,ask,2450,9580.724
2024-08-08 10:11:07,ETHUSDT,ask,2450,9579.618
2024-08-08 10:11:34,ETHUSDT,ask,2440,8838.006
2024-08-08 10:11:36,ETHUSDT,ask,2440,8837.796
2024-08-08 10:11:41,ETHUSDT,ask,2440,5589.072
2024-08-08 10:11:42,ETHUSDT,ask,2440,9466.868
2024-08-08 10:11:44,ETHUSDT,ask,2450,9393.489
2024-08-08 10:11:50,ETHUSDT,ask,2450,9351.006
2024-08-08 10:11:55,ETHUSDT,ask,2450,9361.006
2024-08-08 10:11:58,ETHUSDT,bid,2270,4651.655
2024-08-08 10:11:58,ETHUSDT,ask,2450,9361.032
2024-08-08 10:12:07,ETHUSDT,ask,2450,9361.066
2024-08-08 10:12:07,ETHUSDT,ask,2450,4596.06
2024-08-08 10:12:07,ETHUSDT,ask,2450,4699.294
2024-08-08 10:12:08,ETHUSDT,ask,2450,9246.055
2024-08-08 10:12:10,ETHUSDT,bid,1700,6098.386
2024-08-08 10:12:11,ETHUSDT,ask,2450,9247.305
2024-08-08 10:12:12,ETHUSDT,ask,2450,5443.253
2024-08-08 10:12:12,ETHUSDT,ask,2450,5443.273
2024-08-08 10:12:13,ETHUSDT,ask,2450,4700.564
2024-08-08 10:12:13,ETHUSDT,ask,2450,4557.231
2024-08-08 10:12:13,ETHUSDT,ask,2450,9181.942
2024-08-08 10:12:25,ETHUSDT,ask,2450,9183.289
2024-08-08 10:12:37,ETHUSDT,ask,2450,9185.289
2024-08-08 10:12:40,ETHUSDT,ask,2450,9185.639
2024-08-08 10:13:08,ETHUSDT,ask,2450,5404.821
2024-08-08 10:13:09,ETHUSDT,ask,2450,9218.964
2024-08-08 10:13:13,ETHUSDT,ask,2450,8422.947
2024-08-08 10:13:26,ETHUSDT,ask,2450,9166.613
2024-08-08 10:13:36,ETHUSDT,ask,2450,9166.617
2024-08-08 10:13:44,ETHUSDT,ask,2450,9166.626
2024-08-08 10:13:46,ETHUSDT,ask,2450,9166.613
2024-08-08 10:14:10,ETHUSDT,ask,2680,3833.982
2024-08-08 10:14:37,ETHUSDT,ask,2450,9166.672
2024-08-08 10:14:42,ETHUSDT,ask,2450,9112.866
2024-08-08 10:15:06,ETHUSDT,bid,2280,4458.014
2024-08-08 10:15:08,ETHUSDT,bid,2280,4468.097
2024-08-08 10:15:08,ETHUSDT,ask,2450,9112.866
2024-08-08 10:15:18,ETHUSDT,ask,2440,5337.623
2024-08-08 10:15:32,ETHUSDT,ask,2440,5284.96
2024-08-08 10:15:58,ETHUSDT,ask,2440,9102.209
2024-08-08 10:16:06,ETHUSDT,ask,2440,9128.209
2024-08-08 10:16:07,ETHUSDT,ask,2440,9102.209
2024-08-08 10:16:12,ETHUSDT,ask,2440,9102.459
2024-08-08 10:16:18,ETHUSDT,ask,2440,9102.52
2024-08-08 10:16:19,ETHUSDT,ask,2440,9103.133
2024-08-08 10:16:20,ETHUSDT,ask,2450,9068.578
2024-08-08 10:16:23,ETHUSDT,ask,2450,9059.135
2024-08-08 10:16:24,ETHUSDT,ask,2450,9113.978
2024-08-08 10:16:32,ETHUSDT,ask,2450,8937.342
2024-08-08 10:16:35,ETHUSDT,ask,2450,8807.716
2024-08-08 10:16:36,ETHUSDT,ask,2450,8808.336
2024-08-08 10:16:37,ETHUSDT,ask,2730,3671.77
2024-08-08 10:16:40,ETHUSDT,ask,2450,8693.659
2024-08-08 10:16:45,ETHUSDT,ask,2450,8625.754
2024-08-08 10:16:47,ETHUSDT,ask,2450,8625.815
2024-08-08 10:16:48,ETHUSDT,ask,2450,7897.256
2024-08-08 10:16:51,ETHUSDT,ask,2450,5015.273
2024-08-08 10:17:00,ETHUSDT,ask,2450,4292.964
2024-08-08 10:17:02,ETHUSDT,ask,2450,4288.997
2024-08-08 10:17:13,ETHUSDT,ask,2450,7172.562
2024-08-08 10:17:15,ETHUSDT,ask,2450,6928.849
2024-08-08 10:17:35,ETHUSDT,ask,2450,7172.496
2024-08-08 10:17:41,ETHUSDT,bid,1700,6097.59
2024-08-08 10:17:44,ETHUSDT,ask,2450,7172.66
2024-08-08 10:19:07,ETHUSDT,bid,2270,4651.412
2024-08-08 10:19:48,ETHUSDT,bid,2280,4458.014
2024-08-08 10:20:10,ETHUSDT,bid,2440,4940.359
2024-08-08 10:20:16,ETHUSDT,bid,2440,4941.666
2024-08-08 10:20:19,ETHUSDT,bid,2440,4236.696
2024-08-08 10:20:23,ETHUSDT,ask,2680,3833.504
2024-08-08 10:20:38,ETHUSDT,bid,2430,4659.971
2024-08-08 10:20:40,ETHUSDT,bid,2440,8843.947
2024-08-08 10:20:46,ETHUSDT,bid,2440,8847.937
2024-08-08 10:20:48,ETHUSDT,bid,2440,8848.018
2024-08-08 10:21:02,ETHUSDT,bid,2440,4300.375
2024-08-08 10:21:02,ETHUSDT,bid,2440,4639.099
2024-08-08 10:21:06,ETHUSDT,bid,2440,4638.949
2024-08-08 10:21:07,ETHUSDT,bid,2440,8846.652
2024-08-08 10:21:22,ETHUSDT,bid,2440,8849.874
2024-08-08 10:21:36,ETHUSDT,bid,2440,8849.046
2024-08-08 10:21:43,ETHUSDT,bid,2440,8913.735
2024-08-08 10:21:44,ETHUSDT,bid,2440,8915.493
2024-08-08 10:21:46,ETHUSDT,bid,2440,8906.454
2024-08-08 10:21:46,ETHUSDT,bid,2440,8904.454
2024-08-08 10:21:50,ETHUSDT,bid,2440,8904.854
2024-08-08 10:21:50,ETHUSDT,bid,2440,8904.863
2024-08-08 10:21:50,ETHUSDT,bid,2440,8913.846
2024-08-08 10:21:54,ETHUSDT,bid,2440,8917.846
2024-08-08 10:22:02,ETHUSDT,bid,2440,4580.749
2024-08-08 10:23:32,ETHUSDT,bid,2270,4650.687
2024-08-08 10:25:13,ETHUSDT,bid,2230,4517.185
2024-08-08 10:29:19,ETHUSDT,bid,1700,6098.386
2024-08-08 10:30:32,ETHUSDT,bid,1700,6098.286
2024-08-08 10:30:53,ETHUSDT,ask,2710,3693.481
2024-08-08 10:31:20,ETHUSDT,bid,2290,4381.696
2024-08-08 10:32:19,ETHUSDT,bid,2270,4649.428
2024-08-08 10:32:23,ETHUSDT,ask,2680,3833.527
2024-08-08 10:32:23,ETHUSDT,ask,2710,3693.491
2024-08-08 10:32:23,ETHUSDT,ask,2730,3658.402
2024-08-08 10:33:06,ETHUSDT,bid,1960,5149.928
2024-08-08 10:33:06,ETHUSDT,ask,2680,3833.501
2024-08-08 10:37:05,ETHUSDT,ask,2730,3658.502
2024-08-08 10:42:09,ETHUSDT,ask,2680,3833.529
2024-08-08 10:42:09,ETHUSDT,ask,2710,3693.519
2024-08-08 10:42:09,ETHUSDT,ask,2730,3671.798
2024-08-08 10:42:22,ETHUSDT,ask,2680,3833.546
2024-08-08 10:52:14,ETHUSDT,bid,1700,6097.698
2024-08-08 10:57:54,ETHUSDT,bid,2230,4517.195
2024-08-08 10:57:54,ETHUSDT,bid,2230,4517.195
2024-08-08 10:59:18,ETHUSDT,bid,1700,6097.661
2024-08-08 10:59:18,ETHUSDT,bid,2270,4649.391
2024-08-08 10:59:18,ETHUSDT,bid,1700,6097.661
2024-08-08 10:59:18,ETHUSDT,bid,2270,4649.391
2024-08-08 11:06:36,ETHUSDT,bid,2270,4648.891
2024-08-08 11:06:36,ETHUSDT,bid,2270,4648.891
2024-08-08 11:09:37,ETHUSDT,bid,1950,5130.424
2024-08-08 11:09:37,ETHUSDT,bid,1950,5130.424
2024-08-08 11:11:38,ETHUSDT,ask,2680,3833.546
2024-08-08 11:11:38,ETHUSDT,ask,2680,3833.546
2024-08-08 11:12:22,ETHUSDT,ask,2680,3833.541
2024-08-08 11:12:22,ETHUSDT,ask,2680,3833.541
2024-08-08 11:12:31,ETHUSDT,ask,2680,3833.533
2024-08-08 11:12:31,ETHUSDT,ask,2680,3833.533
2024-08-08 11:32:40,ETHUSDT,bid,2250,4470.216
2024-08-08 11:32:41,ETHUSDT,bid,2250,4470.216
2024-08-08 11:33:21,ETHUSDT,ask,2680,3829.833
2024-08-08 11:33:21,ETHUSDT,ask,2680,3829.833
2024-08-08 11:40:20,ETHUSDT,ask,2680,3827.23
2024-08-08 11:40:20,ETHUSDT,ask,2680,3827.23
2024-08-08 11:42:28,ETHUSDT,bid,2290,4376.696
2024-08-08 11:42:28,ETHUSDT,bid,2290,4376.696
2024-08-08 11:46:37,ETHUSDT,bid,1710,5882.037
2024-08-08 11:46:37,ETHUSDT,bid,1710,5882.037
2024-08-08 11:51:48,ETHUSDT,bid,1960,5149.418
2024-08-08 11:51:48,ETHUSDT,bid,1960,5149.418
2024-08-08 11:52:17,ETHUSDT,bid,2250,4469.971
2024-08-08 11:52:17,ETHUSDT,bid,2250,4469.971
2024-08-08 11:56:17,ETHUSDT,bid,2270,4649.891
2024-08-08 11:56:17,ETHUSDT,bid,2270,4649.891
2024-08-08 11:57:07,ETHUSDT,bid,2290,4374.696
2024-08-08 11:57:07,ETHUSDT,bid,2290,4374.696
2024-08-08 11:57:25,ETHUSDT,bid,2270,4649.827
2024-08-08 11:57:25,ETHUSDT,bid,2270,4649.827
2024-08-08 11:57:44,ETHUSDT,bid,2270,4649.979
2024-08-08 11:57:45,ETHUSDT,bid,2270,4649.979
2024-08-08 12:00:18,ETHUSDT,bid,2290,4376.696
2024-08-08 12:00:18,ETHUSDT,bid,2290,4376.696
2024-08-08 12:00:42,ETHUSDT,bid,2270,4651.548
2024-08-08 12:00:42,ETHUSDT,bid,2270,4651.548
2024-08-08 12:01:24,ETHUSDT,ask,2430,4893.732
2024-08-08 12:01:24,ETHUSDT,ask,2430,4893.732
2024-08-08 12:01:45,ETHUSDT,ask,2430,4895.121
2024-08-08 12:01:45,ETHUSDT,ask,2430,4895.121
2024-08-08 12:01:47,ETHUSDT,ask,2430,4922.599
2024-08-08 12:01:47,ETHUSDT,ask,2430,4922.599
2024-08-08 12:01:57,ETHUSDT,ask,2430,4899.496
2024-08-08 12:01:57,ETHUSDT,ask,2430,4899.496
2024-08-08 12:02:06,ETHUSDT,ask,2430,4901.424
2024-08-08 12:02:07,ETHUSDT,ask,2430,4901.424
2024-08-08 12:02:07,ETHUSDT,ask,2430,4898.122
2024-08-08 12:02:07,ETHUSDT,ask,2430,4898.122
2024-08-08 12:02:09,ETHUSDT,ask,2430,4901.307
2024-08-08 12:02:09,ETHUSDT,ask,2430,4901.307
2024-08-08 12:02:43,ETHUSDT,ask,2430,4906.259
2024-08-08 12:02:43,ETHUSDT,ask,2430,4906.259
2024-08-08 12:02:45,ETHUSDT,ask,2430,4901.328
2024-08-08 12:02:45,ETHUSDT,ask,2430,4901.328
2024-08-08 12:02:56,ETHUSDT,ask,2430,4901.739
2024-08-08 12:02:56,ETHUSDT,ask,2430,4901.739
2024-08-08 12:03:09,ETHUSDT,ask,2430,4901.749
2024-08-08 12:03:09,ETHUSDT,ask,2430,4901.749
2024-08-08 12:03:14,ETHUSDT,ask,2430,4898.584
2024-08-08 12:03:14,ETHUSDT,ask,2430,4898.584
2024-08-08 12:03:17,ETHUSDT,ask,2430,4898.799
2024-08-08 12:03:17,ETHUSDT,ask,2430,4898.584
2024-08-08 12:03:17,ETHUSDT,ask,2430,4899.202
2024-08-08 12:03:17,ETHUSDT,ask,2430,4898.799
2024-08-08 12:03:17,ETHUSDT,ask,2430,4898.584
2024-08-08 12:03:17,ETHUSDT,ask,2430,4899.202
2024-08-08 12:03:17,ETHUSDT,ask,2430,4899.332
2024-08-08 12:03:18,ETHUSDT,ask,2430,4899.332
2024-08-08 12:03:18,ETHUSDT,ask,2430,4899.462
2024-08-08 12:03:18,ETHUSDT,ask,2430,4899.462
2024-08-08 12:03:18,ETHUSDT,ask,2430,4902.569
2024-08-08 12:03:18,ETHUSDT,ask,2430,4902.569
2024-08-08 12:03:19,ETHUSDT,ask,2430,4902.439
2024-08-08 12:03:19,ETHUSDT,ask,2430,4902.439
2024-08-08 12:03:21,ETHUSDT,ask,2430,4902.309
2024-08-08 12:03:21,ETHUSDT,ask,2430,4902.309
2024-08-08 12:03:21,ETHUSDT,ask,2430,4901.691
2024-08-08 12:03:21,ETHUSDT,ask,2430,4901.691
2024-08-08 12:03:26,ETHUSDT,ask,2430,4902.691
2024-08-08 12:03:26,ETHUSDT,ask,2430,4902.691
2024-08-08 12:03:27,ETHUSDT,ask,2430,4902.712
2024-08-08 12:03:27,ETHUSDT,ask,2430,4902.712
2024-08-08 12:03:27,ETHUSDT,ask,2430,4903.535
2024-08-08 12:03:28,ETHUSDT,ask,2430,4903.535
2024-08-08 12:03:29,ETHUSDT,ask,2430,4902.691
2024-08-08 12:03:29,ETHUSDT,ask,2430,4902.691
2024-08-08 12:03:29,ETHUSDT,ask,2430,4902.933
2024-08-08 12:03:29,ETHUSDT,ask,2430,4902.933
2024-08-08 12:03:31,ETHUSDT,ask,2430,4903.514
2024-08-08 12:03:32,ETHUSDT,ask,2430,4903.514
2024-08-08 12:03:32,ETHUSDT,ask,2430,4902.691
2024-08-08 12:03:32,ETHUSDT,ask,2430,4902.691
2024-08-08 12:03:32,ETHUSDT,ask,2430,4915.021
2024-08-08 12:03:32,ETHUSDT,ask,2430,4915.021
2024-08-08 12:03:34,ETHUSDT,ask,2430,4909.274
2024-08-08 12:03:34,ETHUSDT,ask,2430,4909.274
2024-08-08 12:03:34,ETHUSDT,ask,2430,4906.765
2024-08-08 12:03:35,ETHUSDT,ask,2430,4906.765
2024-08-08 12:03:35,ETHUSDT,ask,2430,4903.514
2024-08-08 12:03:35,ETHUSDT,ask,2430,4903.514
2024-08-08 12:03:35,ETHUSDT,ask,2430,4906.717
2024-08-08 12:03:35,ETHUSDT,ask,2430,4906.717
2024-08-08 12:03:36,ETHUSDT,ask,2430,4903.514
2024-08-08 12:03:36,ETHUSDT,ask,2430,4903.514
2024-08-08 12:03:36,ETHUSDT,ask,2430,4906.673
2024-08-08 12:03:36,ETHUSDT,ask,2430,4906.673
2024-08-08 12:03:36,ETHUSDT,ask,2430,4902.691
2024-08-08 12:03:37,ETHUSDT,ask,2430,4902.691
2024-08-08 12:03:39,ETHUSDT,ask,2430,4908.365
2024-08-08 12:03:39,ETHUSDT,ask,2430,4908.365
2024-08-08 12:03:40,ETHUSDT,ask,2430,5330.129
2024-08-08 12:03:40,ETHUSDT,ask,2430,5330.129
2024-08-08 12:03:42,ETHUSDT,ask,2430,4908.365
2024-08-08 12:03:42,ETHUSDT,ask,2430,4908.365
2024-08-08 12:03:42,ETHUSDT,ask,2430,5328.432
2024-08-08 12:03:42,ETHUSDT,ask,2430,4908.365
2024-08-08 12:03:42,ETHUSDT,ask,2430,5328.432
2024-08-08 12:03:42,ETHUSDT,ask,2430,4908.365
2024-08-08 12:03:44,ETHUSDT,ask,2430,5328.023
2024-08-08 12:03:44,ETHUSDT,ask,2430,4908.365
2024-08-08 12:03:44,ETHUSDT,ask,2430,5328.023
2024-08-08 12:03:44,ETHUSDT,ask,2430,4908.365
2024-08-08 12:03:45,ETHUSDT,ask,2430,4908.365
2024-08-08 12:03:45,ETHUSDT,ask,2430,4908.365
2024-08-08 12:03:54,ETHUSDT,ask,2430,4905.642
2024-08-08 12:03:54,ETHUSDT,ask,2430,4905.642
2024-08-08 12:03:57,ETHUSDT,ask,2430,4902.778
2024-08-08 12:03:57,ETHUSDT,ask,2430,4902.778
2024-08-08 12:04:16,ETHUSDT,ask,2430,4902.876
2024-08-08 12:04:17,ETHUSDT,ask,2430,4902.876
2024-08-08 12:05:30,ETHUSDT,ask,2730,3671.298
2024-08-08 12:05:31,ETHUSDT,ask,2730,3671.298
2024-08-08 12:05:32,ETHUSDT,ask,2680,3827.03
2024-08-08 12:05:32,ETHUSDT,ask,2680,3827.03
2024-08-08 12:11:30,ETHUSDT,ask,2430,4348.424
2024-08-08 12:11:30,ETHUSDT,ask,2430,4348.424
2024-08-08 12:11:36,ETHUSDT,ask,2430,4349.18
2024-08-08 12:11:36,ETHUSDT,ask,2430,4349.18
2024-08-08 12:11:38,ETHUSDT,ask,2430,4349.2
2024-08-08 12:11:38,ETHUSDT,ask,2430,4349.2
2024-08-08 12:11:43,ETHUSDT,ask,2430,4349.18
2024-08-08 12:11:43,ETHUSDT,ask,2430,4349.18
2024-08-08 12:11:47,ETHUSDT,ask,2430,4349.18
2024-08-08 12:11:47,ETHUSDT,ask,2430,4349.18
2024-08-08 12:12:06,ETHUSDT,ask,2430,4349.935
2024-08-08 12:12:06,ETHUSDT,ask,2430,4349.935
2024-08-08 12:12:48,ETHUSDT,ask,2430,4338.519
2024-08-08 12:12:48,ETHUSDT,ask,2430,4338.519
2024-08-08 12:13:00,ETHUSDT,ask,2430,4339.139
2024-08-08 12:13:00,ETHUSDT,ask,2430,4339.139
2024-08-08 12:13:09,ETHUSDT,ask,2430,4338.893
2024-08-08 12:13:09,ETHUSDT,ask,2430,4338.893
2024-08-08 12:13:10,ETHUSDT,ask,2680,3826.749
2024-08-08 12:13:10,ETHUSDT,ask,2680,3826.749
2024-08-08 12:13:28,ETHUSDT,ask,2430,4339.649
2024-08-08 12:13:28,ETHUSDT,ask,2430,4339.649
2024-08-08 12:13:31,ETHUSDT,ask,2430,4339.029
2024-08-08 12:13:32,ETHUSDT,ask,2430,4339.029
2024-08-08 12:13:49,ETHUSDT,ask,2430,4338.616
2024-08-08 12:13:49,ETHUSDT,ask,2430,4338.616
2024-08-08 12:14:06,ETHUSDT,bid,1700,6097.717
2024-08-08 12:14:06,ETHUSDT,bid,1700,6097.717
2024-08-08 12:14:17,ETHUSDT,ask,2430,4338.824
2024-08-08 12:14:17,ETHUSDT,ask,2430,4338.824
2024-08-08 12:14:20,ETHUSDT,ask,2430,4338.616
2024-08-08 12:14:20,ETHUSDT,ask,2430,4338.616
2024-08-08 12:14:21,ETHUSDT,ask,2430,4506.94
2024-08-08 12:14:21,ETHUSDT,ask,2430,4506.94
2024-08-08 12:14:22,ETHUSDT,ask,2430,4600.575
2024-08-08 12:14:22,ETHUSDT,ask,2430,4600.575
2024-08-08 12:14:26,ETHUSDT,ask,2430,4600.785
2024-08-08 12:14:27,ETHUSDT,ask,2430,4600.785
2024-08-08 12:14:29,ETHUSDT,ask,2430,4507.15
2024-08-08 12:14:29,ETHUSDT,ask,2430,4506.94
2024-08-08 12:14:29,ETHUSDT,ask,2430,4507.15
2024-08-08 12:14:29,ETHUSDT,ask,2430,4506.94
2024-08-08 12:14:33,ETHUSDT,ask,2430,4506.68
2024-08-08 12:14:33,ETHUSDT,ask,2430,4506.68
2024-08-08 12:14:40,ETHUSDT,ask,2430,4506.887
2024-08-08 12:14:40,ETHUSDT,ask,2430,4506.887
2024-08-08 12:14:42,ETHUSDT,ask,2430,4506.68
2024-08-08 12:14:43,ETHUSDT,ask,2430,4506.68
2024-08-08 12:14:44,ETHUSDT,ask,2430,4816.845
2024-08-08 12:14:44,ETHUSDT,ask,2430,4816.845
2024-08-08 12:14:51,ETHUSDT,ask,2430,4832.637
2024-08-08 12:14:51,ETHUSDT,ask,2430,4832.637
2024-08-08 12:14:52,ETHUSDT,ask,2430,4816.637
2024-08-08 12:14:53,ETHUSDT,ask,2430,4816.637
2024-08-08 12:14:56,ETHUSDT,bid,2270,4651.562
2024-08-08 12:14:56,ETHUSDT,bid,2270,4651.562
2024-08-08 12:15:16,ETHUSDT,ask,2430,4826.515
2024-08-08 12:15:16,ETHUSDT,ask,2430,4826.515
2024-08-08 12:15:18,ETHUSDT,ask,2430,5165.906
2024-08-08 12:15:19,ETHUSDT,ask,2430,5165.906
2024-08-08 12:15:24,ETHUSDT,ask,2430,5166.115
2024-08-08 12:15:25,ETHUSDT,ask,2430,5166.115
2024-08-08 12:15:27,ETHUSDT,ask,2430,5165.906
2024-08-08 12:15:27,ETHUSDT,ask,2430,5165.906
2024-08-08 12:15:32,ETHUSDT,ask,2430,5811.076
2024-08-08 12:15:33,ETHUSDT,ask,2430,5811.076
2024-08-08 12:15:34,ETHUSDT,ask,2430,5811.533
2024-08-08 12:15:35,ETHUSDT,ask,2430,5811.533
2024-08-08 12:15:36,ETHUSDT,ask,2430,6200.657
2024-08-08 12:15:37,ETHUSDT,ask,2430,6200.657
2024-08-08 12:15:37,ETHUSDT,ask,2430,6200.448
2024-08-08 12:15:37,ETHUSDT,ask,2430,6200.448
2024-08-08 12:15:39,ETHUSDT,ask,2430,6200.448
2024-08-08 12:15:39,ETHUSDT,ask,2430,6200.448
2024-08-08 12:15:41,ETHUSDT,ask,2430,6200.651
2024-08-08 12:15:42,ETHUSDT,ask,2430,6200.651
2024-08-08 12:15:44,ETHUSDT,ask,2430,7396.778
2024-08-08 12:15:44,ETHUSDT,ask,2430,7396.778
2024-08-08 12:15:46,ETHUSDT,ask,2430,7396.573
2024-08-08 12:15:46,ETHUSDT,ask,2430,7396.573
2024-08-08 12:15:57,ETHUSDT,ask,2430,7396.781
2024-08-08 12:15:57,ETHUSDT,ask,2430,7396.781
2024-08-08 12:16:00,ETHUSDT,ask,2430,7396.573
2024-08-08 12:16:00,ETHUSDT,ask,2430,7396.573
2024-08-08 12:16:01,ETHUSDT,ask,2430,7397.573
2024-08-08 12:16:01,ETHUSDT,ask,2430,7397.573
2024-08-08 12:16:02,ETHUSDT,ask,2430,7399.022
2024-08-08 12:16:02,ETHUSDT,ask,2430,7399.022
2024-08-08 12:16:02,ETHUSDT,ask,2430,6191.952
2024-08-08 12:16:03,ETHUSDT,ask,2430,6191.952
2024-08-08 12:16:04,ETHUSDT,ask,2430,6191.742
2024-08-08 12:16:05,ETHUSDT,ask,2430,6191.742
2024-08-08 12:16:05,ETHUSDT,ask,2430,5944.872
2024-08-08 12:16:05,ETHUSDT,ask,2430,5944.872
2024-08-08 12:16:06,ETHUSDT,ask,2430,5943.385
2024-08-08 12:16:06,ETHUSDT,ask,2430,6072.899
2024-08-08 12:16:06,ETHUSDT,ask,2430,5943.385
2024-08-08 12:16:06,ETHUSDT,ask,2430,6072.899
2024-08-08 12:16:09,ETHUSDT,ask,2430,6072.899
2024-08-08 12:16:09,ETHUSDT,ask,2430,6072.899
2024-08-08 12:16:10,ETHUSDT,ask,2430,5286.24
2024-08-08 12:16:10,ETHUSDT,ask,2430,5286.24
2024-08-08 12:16:11,ETHUSDT,ask,2430,6073.107
2024-08-08 12:16:11,ETHUSDT,ask,2430,5286.032
2024-08-08 12:16:11,ETHUSDT,ask,2430,6073.107
2024-08-08 12:16:11,ETHUSDT,ask,2430,5286.032
2024-08-08 12:16:18,ETHUSDT,ask,2430,5286.24
2024-08-08 12:16:18,ETHUSDT,ask,2430,5286.24
2024-08-08 12:16:22,ETHUSDT,ask,2430,5320.093
2024-08-08 12:16:23,ETHUSDT,ask,2430,5320.296
2024-08-08 12:16:23,ETHUSDT,ask,2430,5320.093
2024-08-08 12:16:23,ETHUSDT,ask,2430,5320.296
2024-08-08 12:16:24,ETHUSDT,ask,2430,6074.895
2024-08-08 12:16:24,ETHUSDT,ask,2430,6074.895
2024-08-08 12:16:24,ETHUSDT,bid,2270,4651.541
2024-08-08 12:16:25,ETHUSDT,bid,2270,4651.541
2024-08-08 12:16:25,ETHUSDT,ask,2430,5319.885
2024-08-08 12:16:25,ETHUSDT,ask,2430,5319.885
2024-08-08 12:16:26,ETHUSDT,ask,2430,5326.997
2024-08-08 12:16:26,ETHUSDT,ask,2430,5326.997
2024-08-08 12:16:27,ETHUSDT,ask,2430,6075.105
2024-08-08 12:16:27,ETHUSDT,ask,2430,5327.205
2024-08-08 12:16:28,ETHUSDT,ask,2430,6075.105
2024-08-08 12:16:28,ETHUSDT,ask,2430,5327.205
2024-08-08 12:16:29,ETHUSDT,ask,2430,5356.758
2024-08-08 12:16:29,ETHUSDT,ask,2430,5356.758
2024-08-08 12:16:30,ETHUSDT,ask,2430,4449.614
2024-08-08 12:16:30,ETHUSDT,ask,2430,4449.614
2024-08-08 12:16:31,ETHUSDT,ask,2430,4449.825
2024-08-08 12:16:32,ETHUSDT,ask,2430,4449.825
2024-08-08 12:16:32,ETHUSDT,ask,2430,4223.628
2024-08-08 12:16:33,ETHUSDT,ask,2430,4223.628
2024-08-08 12:16:33,ETHUSDT,ask,2430,6076.141
2024-08-08 12:16:33,ETHUSDT,ask,2430,6076.141
2024-08-08 12:16:33,ETHUSDT,ask,2430,6076.354
2024-08-08 12:16:33,ETHUSDT,ask,2430,4223.417
2024-08-08 12:16:34,ETHUSDT,ask,2430,6076.354
2024-08-08 12:16:34,ETHUSDT,ask,2430,4223.417
2024-08-08 12:16:35,ETHUSDT,ask,2430,4721.389
2024-08-08 12:16:35,ETHUSDT,ask,2430,4418.617
2024-08-08 12:16:35,ETHUSDT,ask,2430,4721.389
2024-08-08 12:16:35,ETHUSDT,ask,2430,4418.617
2024-08-08 12:16:36,ETHUSDT,ask,2430,4465.334
2024-08-08 12:16:36,ETHUSDT,ask,2430,4669.982
2024-08-08 12:16:36,ETHUSDT,ask,2430,4465.334
2024-08-08 12:16:36,ETHUSDT,ask,2430,4669.982
2024-08-08 12:16:36,ETHUSDT,ask,2430,4465.001
2024-08-08 12:16:36,ETHUSDT,ask,2430,4465.001
2024-08-08 12:16:38,ETHUSDT,ask,2430,4670.195
2024-08-08 12:16:38,ETHUSDT,ask,2430,4670.195
2024-08-08 12:16:39,ETHUSDT,ask,2430,4351.869
2024-08-08 12:16:39,ETHUSDT,ask,2430,4782.379
2024-08-08 12:16:39,ETHUSDT,ask,2430,4351.869
2024-08-08 12:16:39,ETHUSDT,ask,2430,4782.379
2024-08-08 12:16:40,ETHUSDT,ask,2430,4351.659
2024-08-08 12:16:40,ETHUSDT,ask,2430,4782.583
2024-08-08 12:16:40,ETHUSDT,ask,2430,4351.659
2024-08-08 12:16:40,ETHUSDT,ask,2430,4782.583
2024-08-08 12:16:40,ETHUSDT,ask,2430,4782.37
2024-08-08 12:16:41,ETHUSDT,ask,2430,4782.37
2024-08-08 12:16:42,ETHUSDT,ask,2430,4351.871
2024-08-08 12:16:43,ETHUSDT,ask,2430,4351.871
2024-08-08 12:16:45,ETHUSDT,ask,2430,4351.659
2024-08-08 12:16:45,ETHUSDT,ask,2430,4911.133
2024-08-08 12:16:45,ETHUSDT,ask,2430,4351.659
2024-08-08 12:16:45,ETHUSDT,ask,2430,4911.133
2024-08-08 12:16:47,ETHUSDT,ask,2430,4911.342
2024-08-08 12:16:47,ETHUSDT,ask,2430,4911.342
2024-08-08 12:16:49,ETHUSDT,ask,2430,4911.547
2024-08-08 12:16:49,ETHUSDT,ask,2430,4911.547
2024-08-08 12:16:49,ETHUSDT,ask,2430,4911.338
2024-08-08 12:16:49,ETHUSDT,ask,2430,4911.338
2024-08-08 12:16:51,ETHUSDT,ask,2430,4911.133
2024-08-08 12:16:51,ETHUSDT,ask,2430,4911.133
2024-08-08 12:16:51,ETHUSDT,ask,2430,4351.868
2024-08-08 12:16:51,ETHUSDT,ask,2430,4351.868
2024-08-08 12:16:54,ETHUSDT,ask,2430,4351.659
2024-08-08 12:16:54,ETHUSDT,ask,2430,4351.659
2024-08-08 12:17:00,ETHUSDT,ask,2430,4351.659
2024-08-08 12:17:00,ETHUSDT,ask,2430,4351.659
2024-08-08 12:17:02,ETHUSDT,ask,2430,4911.336
2024-08-08 12:17:02,ETHUSDT,ask,2430,4911.336
2024-08-08 12:17:04,ETHUSDT,ask,2430,4911.133
2024-08-08 12:17:04,ETHUSDT,ask,2430,4911.133
2024-08-08 12:17:06,ETHUSDT,ask,2430,4351.87
2024-08-08 12:17:06,ETHUSDT,ask,2430,4351.87
2024-08-08 12:17:08,ETHUSDT,ask,2430,4352.075
2024-08-08 12:17:08,ETHUSDT,ask,2430,4352.075
2024-08-08 12:17:09,ETHUSDT,ask,2430,4351.864
2024-08-08 12:17:09,ETHUSDT,ask,2430,4911.342
2024-08-08 12:17:09,ETHUSDT,ask,2430,4351.864
2024-08-08 12:17:09,ETHUSDT,ask,2430,4911.342
2024-08-08 12:17:10,ETHUSDT,ask,2430,4351.659
2024-08-08 12:17:11,ETHUSDT,ask,2430,4351.659
2024-08-08 12:17:11,ETHUSDT,ask,2430,4351.868
2024-08-08 12:17:11,ETHUSDT,ask,2430,4911.133
2024-08-08 12:17:11,ETHUSDT,ask,2430,4351.868
2024-08-08 12:17:11,ETHUSDT,ask,2430,4911.133
2024-08-08 12:17:13,ETHUSDT,ask,2430,4351.659
2024-08-08 12:17:13,ETHUSDT,ask,2430,4911.34
2024-08-08 12:17:13,ETHUSDT,ask,2430,4351.659
2024-08-08 12:17:13,ETHUSDT,ask,2430,4911.34
2024-08-08 12:17:15,ETHUSDT,ask,2430,4912.367
2024-08-08 12:17:15,ETHUSDT,ask,2430,4912.16
2024-08-08 12:17:16,ETHUSDT,ask,2430,4912.367
2024-08-08 12:17:16,ETHUSDT,ask,2430,4912.16
2024-08-08 12:17:17,ETHUSDT,ask,2430,4952.513
2024-08-08 12:17:17,ETHUSDT,ask,2430,4952.513
2024-08-08 12:17:18,ETHUSDT,ask,2430,4441.869
2024-08-08 12:17:18,ETHUSDT,ask,2430,4441.869
2024-08-08 12:17:20,ETHUSDT,ask,2430,4441.659
2024-08-08 12:17:20,ETHUSDT,ask,2430,4952.723
2024-08-08 12:17:20,ETHUSDT,ask,2430,4441.659
2024-08-08 12:17:20,ETHUSDT,ask,2430,4952.723
2024-08-08 12:17:22,ETHUSDT,ask,2430,4952.513
2024-08-08 12:17:22,ETHUSDT,ask,2430,4952.513
2024-08-08 12:17:23,ETHUSDT,ask,2430,4351.659
2024-08-08 12:17:23,ETHUSDT,ask,2430,4351.659
2024-08-08 12:17:27,ETHUSDT,ask,2430,4350.632
2024-08-08 12:17:28,ETHUSDT,ask,2430,4350.632
2024-08-08 12:17:28,ETHUSDT,ask,2430,4673.41
2024-08-08 12:17:29,ETHUSDT,ask,2430,4673.41
2024-08-08 12:17:29,ETHUSDT,ask,2430,4952.709
2024-08-08 12:17:29,ETHUSDT,ask,2430,4952.709
2024-08-08 12:17:30,ETHUSDT,ask,2430,5261.253
2024-08-08 12:17:30,ETHUSDT,ask,2430,5261.253
2024-08-08 12:17:30,ETHUSDT,ask,2430,5261.262
2024-08-08 12:17:31,ETHUSDT,ask,2430,5261.262
2024-08-08 12:17:31,ETHUSDT,ask,2430,4673.614
2024-08-08 12:17:31,ETHUSDT,ask,2430,5261.057
2024-08-08 12:17:32,ETHUSDT,ask,2430,4673.614
2024-08-08 12:17:32,ETHUSDT,ask,2430,5261.057
2024-08-08 12:17:34,ETHUSDT,ask,2430,4673.41
2024-08-08 12:17:34,ETHUSDT,ask,2430,4673.41
2024-08-08 12:17:35,ETHUSDT,ask,2430,5261.258
2024-08-08 12:17:35,ETHUSDT,ask,2430,5261.258
2024-08-08 12:17:36,ETHUSDT,ask,2430,4673.615
2024-08-08 12:17:36,ETHUSDT,ask,2430,4673.615
2024-08-08 12:17:36,ETHUSDT,ask,2430,5261.461
2024-08-08 12:17:36,ETHUSDT,ask,2430,5261.461
2024-08-08 12:17:38,ETHUSDT,ask,2430,4673.816
2024-08-08 12:17:38,ETHUSDT,ask,2430,5261.057
2024-08-08 12:17:38,ETHUSDT,ask,2430,4673.816
2024-08-08 12:17:38,ETHUSDT,ask,2430,5261.057
2024-08-08 12:17:39,ETHUSDT,ask,2430,5261.256
2024-08-08 12:17:39,ETHUSDT,ask,2430,5261.256
2024-08-08 12:17:40,ETHUSDT,ask,2430,4673.615
2024-08-08 12:17:40,ETHUSDT,ask,2430,4673.615
2024-08-08 12:17:41,ETHUSDT,ask,2430,5261.057
2024-08-08 12:17:41,ETHUSDT,ask,2430,5261.057
2024-08-08 12:17:42,ETHUSDT,ask,2430,4673.814
2024-08-08 12:17:42,ETHUSDT,ask,2430,4673.814
2024-08-08 12:17:45,ETHUSDT,ask,2430,4673.615
2024-08-08 12:17:45,ETHUSDT,ask,2430,4673.615
2024-08-08 12:17:47,ETHUSDT,ask,2430,5261.246
2024-08-08 12:17:47,ETHUSDT,ask,2430,5261.246
2024-08-08 12:17:49,ETHUSDT,ask,2430,5261.048
2024-08-08 12:17:49,ETHUSDT,ask,2430,5261.048
2024-08-08 12:17:52,ETHUSDT,ask,2430,5261.258
2024-08-08 12:17:52,ETHUSDT,ask,2430,5261.258
2024-08-08 12:17:54,ETHUSDT,ask,2430,4673.818
2024-08-08 12:17:54,ETHUSDT,ask,2430,5261.057
2024-08-08 12:17:55,ETHUSDT,ask,2430,4673.818
2024-08-08 12:17:55,ETHUSDT,ask,2430,5261.057
2024-08-08 12:17:56,ETHUSDT,ask,2430,5261.451
2024-08-08 12:17:57,ETHUSDT,ask,2430,5261.451
2024-08-08 12:17:59,ETHUSDT,ask,2430,4673.817
2024-08-08 12:17:59,ETHUSDT,ask,2430,5261.249
2024-08-08 12:17:59,ETHUSDT,ask,2430,5261.057
2024-08-08 12:17:59,ETHUSDT,ask,2430,4673.817
2024-08-08 12:17:59,ETHUSDT,ask,2430,5261.249
2024-08-08 12:17:59,ETHUSDT,ask,2430,5261.057
2024-08-08 12:18:01,ETHUSDT,ask,2430,4673.615
2024-08-08 12:18:01,ETHUSDT,ask,2430,5261.252
2024-08-08 12:18:01,ETHUSDT,ask,2430,4673.615
2024-08-08 12:18:01,ETHUSDT,ask,2430,5261.252
2024-08-08 12:18:03,ETHUSDT,ask,2430,5261.26
2024-08-08 12:18:03,ETHUSDT,ask,2430,5261.26
2024-08-08 12:18:05,ETHUSDT,ask,2430,4673.82
2024-08-08 12:18:05,ETHUSDT,ask,2430,5261.057
2024-08-08 12:18:06,ETHUSDT,ask,2430,4673.82
2024-08-08 12:18:06,ETHUSDT,ask,2430,5261.057
2024-08-08 12:18:07,ETHUSDT,ask,2430,4674.014
2024-08-08 12:18:07,ETHUSDT,ask,2430,4673.809
2024-08-08 12:18:07,ETHUSDT,ask,2430,5220.704
2024-08-08 12:18:07,ETHUSDT,ask,2430,4674.014
2024-08-08 12:18:08,ETHUSDT,ask,2430,4673.809
2024-08-08 12:18:08,ETHUSDT,ask,2430,5220.704
2024-08-08 12:18:09,ETHUSDT,ask,2430,4673.615
2024-08-08 12:18:09,ETHUSDT,ask,2430,4673.819
2024-08-08 12:18:09,ETHUSDT,ask,2430,4673.615
2024-08-08 12:18:09,ETHUSDT,ask,2430,4673.819
2024-08-08 12:18:12,ETHUSDT,ask,2430,5220.896
2024-08-08 12:18:12,ETHUSDT,ask,2430,5220.896
2024-08-08 12:18:12,ETHUSDT,ask,2430,4673.615
2024-08-08 12:18:12,ETHUSDT,ask,2430,5221.101
2024-08-08 12:18:12,ETHUSDT,ask,2430,4673.615
2024-08-08 12:18:12,ETHUSDT,ask,2430,5221.101
2024-08-08 12:18:14,ETHUSDT,ask,2430,5220.909
2024-08-08 12:18:14,ETHUSDT,ask,2430,5220.909
2024-08-08 12:18:14,ETHUSDT,ask,2430,4673.822
2024-08-08 12:18:14,ETHUSDT,ask,2430,5220.704
2024-08-08 12:18:15,ETHUSDT,ask,2430,4673.822
2024-08-08 12:18:15,ETHUSDT,ask,2430,5220.704
2024-08-08 12:18:17,ETHUSDT,ask,2430,4673.615
2024-08-08 12:18:17,ETHUSDT,ask,2430,4673.615
2024-08-08 12:18:18,ETHUSDT,ask,2430,4673.811
2024-08-08 12:18:18,ETHUSDT,ask,2430,4673.811
2024-08-08 12:18:19,ETHUSDT,ask,2430,5220.911
2024-08-08 12:18:19,ETHUSDT,ask,2430,5220.911
2024-08-08 12:18:21,ETHUSDT,ask,2430,5220.704
2024-08-08 12:18:21,ETHUSDT,ask,2430,5220.704
2024-08-08 12:18:22,ETHUSDT,ask,2430,5220.904
2024-08-08 12:18:22,ETHUSDT,ask,2430,5220.904
2024-08-08 12:18:22,ETHUSDT,bid,1680,5979.33
2024-08-08 12:18:22,ETHUSDT,bid,1680,5979.33
2024-08-08 12:18:23,ETHUSDT,ask,2430,4674.019
2024-08-08 12:18:24,ETHUSDT,ask,2430,4674.019
2024-08-08 12:18:25,ETHUSDT,ask,2430,4673.824
2024-08-08 12:18:25,ETHUSDT,ask,2430,4673.824
2024-08-08 12:18:26,ETHUSDT,ask,2430,4673.615
2024-08-08 12:18:26,ETHUSDT,ask,2430,4673.615
2024-08-08 12:18:28,ETHUSDT,ask,2430,5221.111
