2024-08-10 00:00:07,BTCUSDT,ask,61600,511.859
2024-08-10 00:00:08,BTCUSDT,ask,61300,510.3
2024-08-10 00:00:09,BTCUSDT,ask,61900,514.538
2024-08-10 00:00:20,BTCUSDT,ask,61400,506.048
2024-08-10 00:00:31,BTCUSDT,ask,61500,557.74
2024-08-10 00:00:33,BTCUSDT,ask,61300,511.876
2024-08-10 00:00:37,BTCUSDT,ask,62000,649.078
2024-08-10 00:00:44,BTCUSDT,ask,61500,557.738
2024-08-10 00:00:44,BTCUSDT,ask,62000,649.076
2024-08-10 00:00:44,BTCUSDT,ask,62500,684.011
2024-08-10 00:00:54,BTCUSDT,ask,62000,649.104
2024-08-10 00:00:55,BTCUSDT,ask,62000,649.069
2024-08-10 00:00:55,BTCUSDT,ask,62100,506.232
2024-08-10 00:00:57,BTCUSDT,ask,61300,510.28
2024-08-10 00:00:58,BTCUSDT,ask,61500,557.739
2024-08-10 00:01:03,BTCUSDT,ask,61500,558.739
2024-08-10 00:01:11,BTCUSDT,ask,61500,558.708
2024-08-10 00:01:16,BTCUSDT,ask,62400,516.827
2024-08-10 00:01:22,BTCUSDT,ask,62500,684.013
2024-08-10 00:01:24,BTCUSDT,ask,62200,513.792
2024-08-10 00:01:24,BTCUSDT,ask,62300,521.568
2024-08-10 00:01:33,BTCUSDT,ask,62400,516.925
2024-08-10 00:01:34,BTCUSDT,ask,61500,558.709
2024-08-10 00:01:38,BTCUSDT,ask,62500,684.251
2024-08-10 00:01:47,BTCUSDT,ask,62300,521.361
2024-08-10 00:01:48,BTCUSDT,ask,61200,504.104
2024-08-10 00:01:48,BTCUSDT,ask,62000,649.094
2024-08-10 00:01:56,BTCUSDT,bid,47500,636.043
2024-08-10 00:02:01,BTCUSDT,ask,61500,558.887
2024-08-10 00:02:08,BTCUSDT,ask,61500,558.89
2024-08-10 00:02:12,BTCUSDT,ask,62400,516.967
2024-08-10 00:02:36,BTCUSDT,ask,61400,506.13
2024-08-10 00:02:41,BTCUSDT,ask,61100,545.36
2024-08-10 00:02:53,BTCUSDT,ask,61200,504.104
2024-08-10 00:02:55,BTCUSDT,ask,61100,545.273
2024-08-10 00:02:55,BTCUSDT,ask,62300,521.655
2024-08-10 00:02:56,BTCUSDT,ask,61100,545.264
2024-08-10 00:02:57,BTCUSDT,ask,61200,526.977
2024-08-10 00:03:14,BTCUSDT,ask,62500,684.665
2024-08-10 00:03:17,BTCUSDT,ask,61400,506.358
2024-08-10 00:03:21,BTCUSDT,ask,61800,510.673
2024-08-10 00:03:31,BTCUSDT,ask,61400,506.408
2024-08-10 00:03:33,BTCUSDT,ask,61600,509.859
2024-08-10 00:03:36,BTCUSDT,ask,61500,557.887
2024-08-10 00:03:44,BTCUSDT,ask,61100,545.414
2024-08-10 00:03:54,BTCUSDT,ask,62500,684.251
2024-08-10 00:03:56,BTCUSDT,ask,61400,506.18
2024-08-10 00:03:56,BTCUSDT,ask,62500,684.233
2024-08-10 00:04:16,BTCUSDT,ask,61900,514.559
2024-08-10 00:04:28,BTCUSDT,ask,62400,516.965
2024-08-10 00:04:33,BTCUSDT,ask,61200,526.937
2024-08-10 00:04:33,BTCUSDT,ask,61300,510.32
2024-08-10 00:04:33,BTCUSDT,ask,62400,516.981
2024-08-10 00:04:34,BTCUSDT,ask,61500,557.862
2024-08-10 00:04:37,BTCUSDT,ask,61100,545.384
2024-08-10 00:04:41,BTCUSDT,ask,62000,649.072
2024-08-10 00:04:42,BTCUSDT,ask,61900,514.57
2024-08-10 00:04:51,BTCUSDT,ask,61100,545.382
2024-08-10 00:04:59,BTCUSDT,ask,62500,684.229
2024-08-10 00:05:01,BTCUSDT,ask,61100,545.402
2024-08-10 00:05:01,BTCUSDT,ask,62500,684.254
2024-08-10 00:05:02,BTCUSDT,ask,61500,557.772
2024-08-10 00:05:09,BTCUSDT,ask,61200,526.962
2024-08-10 00:05:13,BTCUSDT,ask,61600,509.895
2024-08-10 00:05:13,BTCUSDT,ask,62000,649.164
2024-08-10 00:05:17,BTCUSDT,ask,61400,506.215
2024-08-10 00:05:32,BTCUSDT,ask,61200,526.952
2024-08-10 00:05:38,BTCUSDT,ask,61700,509.795
2024-08-10 00:05:51,BTCUSDT,ask,61200,526.973
2024-08-10 00:06:06,BTCUSDT,ask,61500,557.78
2024-08-10 00:06:08,BTCUSDT,ask,61200,526.915
2024-08-10 00:06:13,BTCUSDT,ask,62500,684.243
2024-08-10 00:06:36,BTCUSDT,ask,62400,516.932
2024-08-10 00:06:40,BTCUSDT,ask,62000,649.182
2024-08-10 00:06:59,BTCUSDT,ask,61100,545.404
2024-08-10 00:07:01,BTCUSDT,ask,62000,649.164
2024-08-10 00:07:15,BTCUSDT,ask,61100,545.406
2024-08-10 00:07:16,BTCUSDT,ask,62200,513.752
2024-08-10 00:07:19,BTCUSDT,ask,62500,684.236
2024-08-10 00:07:25,BTCUSDT,ask,62000,649.183
2024-08-10 00:07:29,BTCUSDT,ask,61500,557.53
2024-08-10 00:07:32,BTCUSDT,ask,62300,521.704
2024-08-10 00:07:32,BTCUSDT,ask,62400,516.883
2024-08-10 00:07:39,BTCUSDT,ask,61500,557.527
2024-08-10 00:07:48,BTCUSDT,ask,62000,649.149
2024-08-10 00:07:52,BTCUSDT,ask,61400,506.235
2024-08-10 00:07:54,BTCUSDT,ask,62400,516.886
2024-08-10 00:07:55,BTCUSDT,ask,61200,526.923
2024-08-10 00:07:56,BTCUSDT,ask,61500,557.615
2024-08-10 00:08:03,BTCUSDT,ask,61200,527.659
2024-08-10 00:08:05,BTCUSDT,ask,61400,506.244
2024-08-10 00:08:12,BTCUSDT,ask,61800,510.675
2024-08-10 00:08:12,BTCUSDT,ask,62000,649.147
2024-08-10 00:08:13,BTCUSDT,ask,61700,509.805
2024-08-10 00:08:17,BTCUSDT,ask,62000,649.128
2024-08-10 00:08:17,BTCUSDT,ask,61600,509.995
2024-08-10 00:08:23,BTCUSDT,ask,62000,649.139
2024-08-10 00:08:25,BTCUSDT,ask,61400,506.444
2024-08-10 00:08:28,BTCUSDT,ask,61400,506.244
2024-08-10 00:08:29,BTCUSDT,ask,61400,506.444
2024-08-10 00:08:31,BTCUSDT,ask,61400,506.244
2024-08-10 00:08:32,BTCUSDT,ask,62000,649.173
2024-08-10 00:08:34,BTCUSDT,ask,61500,557.618
2024-08-10 00:08:38,BTCUSDT,ask,62500,684.248
2024-08-10 00:08:47,BTCUSDT,ask,61800,510.707
2024-08-10 00:08:52,BTCUSDT,ask,61300,510.442
2024-08-10 00:08:55,BTCUSDT,ask,61200,527.578
2024-08-10 00:08:56,BTCUSDT,ask,61600,509.986
2024-08-10 00:08:59,BTCUSDT,ask,61800,510.705
2024-08-10 00:09:00,BTCUSDT,ask,62000,649.193
2024-08-10 00:09:15,BTCUSDT,ask,62500,684.253
2024-08-10 00:09:32,BTCUSDT,ask,61200,527.59
2024-08-10 00:09:50,BTCUSDT,ask,61200,529.158
2024-08-10 00:09:53,BTCUSDT,bid,47000,859.587
2024-08-10 00:09:53,BTCUSDT,ask,61400,506.247
2024-08-10 00:09:53,BTCUSDT,ask,61800,510.708
2024-08-10 00:09:53,BTCUSDT,ask,62200,513.755
2024-08-10 00:10:14,BTCUSDT,ask,61100,545.584
2024-08-10 00:10:19,BTCUSDT,ask,61100,545.441
2024-08-10 00:10:22,BTCUSDT,ask,61400,506.331
2024-08-10 00:10:24,BTCUSDT,ask,62000,649.205
2024-08-10 00:10:40,BTCUSDT,ask,61500,557.628
2024-08-10 00:10:46,BTCUSDT,bid,47000,859.584
2024-08-10 00:10:46,BTCUSDT,ask,61400,506.328
2024-08-10 00:10:46,BTCUSDT,ask,61800,510.705
2024-08-10 00:10:46,BTCUSDT,ask,62200,513.752
2024-08-10 00:10:51,BTCUSDT,ask,61200,529.675
2024-08-10 00:10:54,BTCUSDT,ask,61300,510.481
2024-08-10 00:10:56,BTCUSDT,ask,61300,510.484
2024-08-10 00:10:59,BTCUSDT,ask,62000,649.129
2024-08-10 00:11:01,BTCUSDT,ask,62500,684.149
2024-08-10 00:11:04,BTCUSDT,ask,61800,510.708
2024-08-10 00:11:12,BTCUSDT,ask,61800,511.716
2024-08-10 00:11:13,BTCUSDT,ask,62300,521.71
2024-08-10 00:11:14,BTCUSDT,ask,61100,545.471
2024-08-10 00:11:20,BTCUSDT,ask,61300,510.487
2024-08-10 00:11:26,BTCUSDT,ask,62500,683.425
2024-08-10 00:11:56,BTCUSDT,ask,62400,516.877
2024-08-10 00:12:17,BTCUSDT,ask,61500,557.728
2024-08-10 00:12:23,BTCUSDT,ask,62000,649.139
2024-08-10 00:12:24,BTCUSDT,ask,61400,506.331
2024-08-10 00:12:25,BTCUSDT,ask,62000,649.144
2024-08-10 00:12:26,BTCUSDT,ask,61200,529.659
2024-08-10 00:12:27,BTCUSDT,ask,62000,649.142
2024-08-10 00:12:27,BTCUSDT,ask,62100,506.222
2024-08-10 00:12:31,BTCUSDT,ask,61100,545.471
2024-08-10 00:12:49,BTCUSDT,ask,61200,530.159
2024-08-10 00:12:51,BTCUSDT,ask,61200,530.164
2024-08-10 00:12:54,BTCUSDT,ask,61500,557.612
2024-08-10 00:13:00,BTCUSDT,bid,47500,636.047
2024-08-10 00:13:00,BTCUSDT,ask,62500,683.429
2024-08-10 00:13:10,BTCUSDT,ask,62000,649.152
2024-08-10 00:13:14,BTCUSDT,ask,61400,506.374
2024-08-10 00:13:17,BTCUSDT,ask,61200,530.817
2024-08-10 00:13:18,BTCUSDT,ask,62500,683.129
2024-08-10 00:13:26,BTCUSDT,ask,61200,531.47
2024-08-10 00:13:32,BTCUSDT,ask,62000,649.217
2024-08-10 00:13:36,BTCUSDT,ask,61200,531.547
2024-08-10 00:13:36,BTCUSDT,ask,61200,531.555
2024-08-10 00:13:38,BTCUSDT,ask,62500,683.154
2024-08-10 00:13:42,BTCUSDT,ask,62200,513.782
2024-08-10 00:13:43,BTCUSDT,ask,61800,511.704
2024-08-10 00:13:58,BTCUSDT,ask,61100,543.265
2024-08-10 00:13:58,BTCUSDT,ask,62000,649.299
2024-08-10 00:14:06,BTCUSDT,ask,62000,649.362
2024-08-10 00:14:14,BTCUSDT,ask,62200,513.791
2024-08-10 00:14:29,BTCUSDT,ask,62000,649.429
2024-08-10 00:14:35,BTCUSDT,ask,61200,531.745
2024-08-10 00:14:42,BTCUSDT,ask,62500,683.461
2024-08-10 00:14:49,BTCUSDT,ask,61400,506.545
2024-08-10 00:14:54,BTCUSDT,ask,62000,649.632
2024-08-10 00:14:55,BTCUSDT,ask,62300,521.736
2024-08-10 00:15:00,BTCUSDT,ask,61500,557.774
2024-08-10 00:15:03,BTCUSDT,ask,62400,516.888
2024-08-10 00:15:09,BTCUSDT,ask,61500,500.567
2024-08-10 00:15:16,BTCUSDT,ask,62300,521.71
2024-08-10 00:15:16,BTCUSDT,ask,61500,501.377
2024-08-10 00:15:16,BTCUSDT,ask,61500,502.594
2024-08-10 00:15:17,BTCUSDT,ask,62000,649.647
2024-08-10 00:15:17,BTCUSDT,ask,61500,503.243
2024-08-10 00:15:18,BTCUSDT,ask,61500,504.085
2024-08-10 00:15:18,BTCUSDT,ask,61500,504.473
2024-08-10 00:15:25,BTCUSDT,ask,61600,510.384
2024-08-10 00:15:30,BTCUSDT,ask,62000,649.637
2024-08-10 00:15:34,BTCUSDT,ask,62000,649.663
2024-08-10 00:15:40,BTCUSDT,ask,61500,557.43
2024-08-10 00:15:41,BTCUSDT,ask,62000,649.653
2024-08-10 00:15:48,BTCUSDT,ask,61600,510.391
2024-08-10 00:15:48,BTCUSDT,ask,62400,516.872
2024-08-10 00:16:10,BTCUSDT,ask,61200,535.439
2024-08-10 00:16:14,BTCUSDT,ask,61100,543.216
2024-08-10 00:16:18,BTCUSDT,ask,61100,543.316
2024-08-10 00:16:19,BTCUSDT,ask,61500,557.334
2024-08-10 00:16:19,BTCUSDT,ask,61100,543.216
2024-08-10 00:16:21,BTCUSDT,ask,61600,510.407
2024-08-10 00:16:24,BTCUSDT,ask,61400,507.39
2024-08-10 00:16:25,BTCUSDT,ask,61800,511.662
