2024-08-09 00:05:58,SOLUSDT,ask,175,30908.0
2024-08-09 00:07:49,SOLUSDT,ask,175,30875.0
2024-08-09 00:07:59,SOLUSDT,ask,175,30873.0
2024-08-09 00:09:40,SOLUSDT,bid,74,67596.0
2024-08-09 00:16:11,SOLUSDT,ask,175,30874.0
2024-08-09 00:16:25,SOLUSDT,ask,175,30873.0
2024-08-09 00:17:51,SOLUSDT,ask,175,30875.0
2024-08-09 00:18:02,SOLUSDT,ask,175,30874.0
2024-08-09 00:21:07,SOLUSDT,ask,175,30904.0
2024-08-09 00:37:06,SOLUSDT,ask,175,30905.0
2024-08-09 00:37:06,SOLUSDT,ask,176,29013.0
2024-08-09 00:50:00,SOLUSDT,ask,175,30906.0
2024-08-09 01:01:09,SOLUSDT,ask,178,34894.0
2024-08-09 01:01:22,SOLUSDT,ask,178,34893.0
2024-08-09 01:05:07,SOLUSDT,ask,175,30907.0
2024-08-09 01:05:15,SOLUSDT,ask,175,30908.0
2024-08-09 01:05:49,SOLUSDT,ask,176,29014.0
2024-08-09 01:08:37,SOLUSDT,ask,178,34897.0
2024-08-09 01:14:31,SOLUSDT,ask,178,34900.0
2024-08-09 01:24:12,SOLUSDT,ask,176,28945.0
2024-08-09 01:31:48,SOLUSDT,ask,178,34901.0
2024-08-09 01:35:39,SOLUSDT,ask,175,30895.0
2024-08-09 02:05:22,SOLUSDT,ask,175,30871.0
2024-08-09 02:11:07,SOLUSDT,ask,176,28946.0
2024-08-09 02:11:22,SOLUSDT,ask,178,34902.0
2024-08-09 02:19:14,SOLUSDT,ask,175,30943.0
2024-08-09 02:19:46,SOLUSDT,ask,175,30941.0
2024-08-09 02:44:12,SOLUSDT,ask,175,30938.0
2024-08-09 02:59:45,SOLUSDT,ask,175,30936.0
2024-08-09 03:03:36,SOLUSDT,ask,175,30932.0
2024-08-09 03:05:31,SOLUSDT,ask,175,30936.0
2024-08-09 03:22:19,SOLUSDT,ask,176,30146.0
2024-08-09 03:24:52,SOLUSDT,ask,175,30937.0
2024-08-09 03:58:02,SOLUSDT,ask,178,34904.0
2024-08-09 04:01:05,SOLUSDT,ask,175,30935.0
2024-08-09 04:02:16,SOLUSDT,ask,175,30934.0
2024-08-09 04:25:56,SOLUSDT,ask,175,30979.0
2024-08-09 04:27:48,SOLUSDT,ask,175,30981.0
2024-08-09 04:37:16,SOLUSDT,ask,175,31042.0
2024-08-09 04:43:32,SOLUSDT,ask,175,31043.0
2024-08-09 04:45:03,SOLUSDT,bid,159,42081.0
2024-08-09 04:45:03,SOLUSDT,bid,159,42130.0
2024-08-09 04:45:05,SOLUSDT,bid,159,42064.0
2024-08-09 04:45:05,SOLUSDT,bid,159,42117.0
2024-08-09 04:45:05,SOLUSDT,bid,159,42064.0
2024-08-09 04:45:09,SOLUSDT,bid,159,42002.0
2024-08-09 04:45:09,SOLUSDT,bid,159,42003.0
2024-08-09 04:45:09,SOLUSDT,bid,159,42003.0
2024-08-09 04:45:09,SOLUSDT,bid,159,42011.0
2024-08-09 04:45:10,SOLUSDT,bid,159,42023.0
2024-08-09 04:45:10,SOLUSDT,bid,159,42011.0
2024-08-09 04:45:11,SOLUSDT,bid,159,42003.0
2024-08-09 04:45:11,SOLUSDT,bid,159,42004.0
2024-08-09 04:45:12,SOLUSDT,bid,159,42005.0
2024-08-09 04:45:13,SOLUSDT,bid,159,42167.0
2024-08-09 04:45:13,SOLUSDT,bid,159,42005.0
2024-08-09 04:45:13,SOLUSDT,bid,159,42007.0
2024-08-09 04:45:13,SOLUSDT,bid,159,42006.0
2024-08-09 04:45:13,SOLUSDT,bid,159,42005.0
2024-08-09 04:45:13,SOLUSDT,bid,159,42004.0
2024-08-09 04:45:14,SOLUSDT,bid,159,42005.0
2024-08-09 04:45:14,SOLUSDT,bid,159,42017.0
2024-08-09 04:45:14,SOLUSDT,bid,159,42008.0
2024-08-09 04:45:14,SOLUSDT,bid,159,42033.0
2024-08-09 04:45:14,SOLUSDT,bid,159,42048.0
2024-08-09 04:45:14,SOLUSDT,bid,159,42033.0
2024-08-09 04:45:14,SOLUSDT,bid,159,42033.0
2024-08-09 04:45:14,SOLUSDT,bid,159,42031.0
2024-08-09 04:45:15,SOLUSDT,bid,159,42031.0
2024-08-09 04:45:15,SOLUSDT,bid,159,42045.0
2024-08-09 04:45:15,SOLUSDT,bid,159,41600.0
2024-08-09 04:45:15,SOLUSDT,bid,159,41613.0
2024-08-09 04:45:16,SOLUSDT,bid,159,41600.0
2024-08-09 04:45:16,SOLUSDT,bid,159,41525.0
2024-08-09 04:45:16,SOLUSDT,bid,159,41482.0
2024-08-09 04:45:16,SOLUSDT,bid,159,41482.0
2024-08-09 04:45:16,SOLUSDT,bid,159,41501.0
2024-08-09 04:45:17,SOLUSDT,bid,159,41443.0
2024-08-09 04:45:17,SOLUSDT,bid,159,41422.0
2024-08-09 04:45:17,SOLUSDT,bid,159,41372.0
2024-08-09 04:45:17,SOLUSDT,bid,159,41164.0
2024-08-09 04:45:17,SOLUSDT,bid,159,41098.0
2024-08-09 04:45:17,SOLUSDT,bid,159,40824.0
2024-08-09 04:45:17,SOLUSDT,bid,159,40808.0
2024-08-09 04:45:17,SOLUSDT,bid,159,40765.0
2024-08-09 04:45:17,SOLUSDT,bid,159,40763.0
2024-08-09 04:45:18,SOLUSDT,bid,159,40598.0
2024-08-09 04:45:18,SOLUSDT,bid,159,40568.0
2024-08-09 04:45:18,SOLUSDT,bid,159,40568.0
2024-08-09 04:45:18,SOLUSDT,bid,159,40330.0
2024-08-09 04:45:18,SOLUSDT,bid,159,40167.0
2024-08-09 04:45:18,SOLUSDT,bid,159,40161.0
2024-08-09 04:45:18,SOLUSDT,bid,159,40181.0
2024-08-09 04:45:18,SOLUSDT,bid,159,40242.0
2024-08-09 04:45:18,SOLUSDT,bid,159,40293.0
2024-08-09 04:45:18,SOLUSDT,bid,159,40180.0
2024-08-09 04:45:19,SOLUSDT,bid,159,40165.0
2024-08-09 04:45:19,SOLUSDT,bid,159,40141.0
2024-08-09 04:45:19,SOLUSDT,bid,159,40174.0
2024-08-09 04:45:19,SOLUSDT,bid,159,40176.0
2024-08-09 04:45:19,SOLUSDT,bid,159,40172.0
2024-08-09 04:45:19,SOLUSDT,bid,159,40173.0
2024-08-09 04:45:20,SOLUSDT,bid,159,40235.0
2024-08-09 04:45:20,SOLUSDT,bid,159,40247.0
2024-08-09 04:45:20,SOLUSDT,bid,159,40247.0
2024-08-09 04:45:20,SOLUSDT,bid,159,40289.0
2024-08-09 04:45:20,SOLUSDT,bid,159,40164.0
2024-08-09 04:45:21,SOLUSDT,bid,159,40162.0
2024-08-09 04:45:21,SOLUSDT,bid,159,40158.0
2024-08-09 04:45:21,SOLUSDT,bid,159,40116.0
2024-08-09 04:45:21,SOLUSDT,bid,159,40158.0
2024-08-09 04:45:23,SOLUSDT,bid,159,40116.0
2024-08-09 04:45:23,SOLUSDT,bid,159,40154.0
2024-08-09 04:45:23,SOLUSDT,bid,159,40112.0
2024-08-09 04:45:23,SOLUSDT,bid,159,40154.0
2024-08-09 04:45:24,SOLUSDT,bid,159,40198.0
2024-08-09 04:45:25,SOLUSDT,bid,159,40197.0
2024-08-09 04:45:25,SOLUSDT,bid,159,40155.0
2024-08-09 04:45:26,SOLUSDT,bid,159,40114.0
2024-08-09 04:45:26,SOLUSDT,bid,159,40111.0
2024-08-09 04:46:00,SOLUSDT,bid,159,52455.0
2024-08-09 04:46:01,SOLUSDT,bid,159,52457.0
2024-08-09 04:46:01,SOLUSDT,bid,159,52454.0
2024-08-09 04:46:01,SOLUSDT,bid,159,52456.0
2024-08-09 04:46:01,SOLUSDT,bid,159,52644.0
2024-08-09 04:46:02,SOLUSDT,bid,159,52454.0
2024-08-09 04:46:02,SOLUSDT,bid,159,52610.0
2024-08-09 04:46:02,SOLUSDT,bid,159,52637.0
2024-08-09 04:46:03,SOLUSDT,bid,159,52677.0
2024-08-09 04:46:03,SOLUSDT,bid,159,52629.0
2024-08-09 04:46:03,SOLUSDT,bid,159,52656.0
2024-08-09 04:46:03,SOLUSDT,bid,159,52629.0
2024-08-09 04:46:03,SOLUSDT,bid,159,52610.0
2024-08-09 04:46:03,SOLUSDT,bid,159,52610.0
2024-08-09 04:46:04,SOLUSDT,bid,159,52671.0
2024-08-09 04:46:04,SOLUSDT,bid,159,52610.0
2024-08-09 04:46:05,SOLUSDT,bid,159,52663.0
2024-08-09 04:46:05,SOLUSDT,bid,159,52610.0
2024-08-09 04:46:05,SOLUSDT,bid,159,52521.0
2024-08-09 04:46:05,SOLUSDT,bid,159,52532.0
2024-08-09 04:46:05,SOLUSDT,bid,159,52454.0
2024-08-09 04:46:06,SOLUSDT,bid,159,52454.0
2024-08-09 04:46:06,SOLUSDT,bid,159,52449.0
2024-08-09 04:46:07,SOLUSDT,bid,159,52449.0
2024-08-09 04:46:07,SOLUSDT,bid,159,52452.0
2024-08-09 04:46:07,SOLUSDT,bid,159,52449.0
2024-08-09 04:46:07,SOLUSDT,bid,159,52449.0
2024-08-09 04:46:08,SOLUSDT,bid,159,52518.0
2024-08-09 04:46:09,SOLUSDT,bid,159,52518.0
2024-08-09 04:46:10,SOLUSDT,bid,159,52518.0
2024-08-09 04:46:10,SOLUSDT,bid,159,52519.0
2024-08-09 04:46:10,SOLUSDT,bid,159,52529.0
2024-08-09 04:46:10,SOLUSDT,bid,159,52521.0
2024-08-09 04:46:10,SOLUSDT,bid,159,52519.0
2024-08-09 04:46:12,SOLUSDT,bid,159,52526.0
2024-08-09 04:46:13,SOLUSDT,bid,159,52645.0
2024-08-09 04:46:15,SOLUSDT,bid,159,52520.0
2024-08-09 04:46:16,SOLUSDT,bid,159,52523.0
2024-08-09 04:46:16,SOLUSDT,bid,159,53509.0
2024-08-09 04:46:17,SOLUSDT,bid,159,52523.0
2024-08-09 04:46:17,SOLUSDT,ask,176,30147.0
2024-08-09 04:46:20,SOLUSDT,bid,159,52454.0
2024-08-09 04:47:27,SOLUSDT,ask,178,34969.0
2024-08-09 04:47:39,SOLUSDT,ask,178,34904.0
2024-08-09 04:51:39,SOLUSDT,ask,175,31045.0
2024-08-09 04:54:08,SOLUSDT,ask,175,31046.0
2024-08-09 04:55:05,SOLUSDT,ask,175,31043.0
2024-08-09 04:56:45,SOLUSDT,ask,178,34900.0
2024-08-09 05:02:26,SOLUSDT,ask,175,31046.0
2024-08-09 05:13:14,SOLUSDT,ask,175,31036.0
2024-08-09 05:16:33,SOLUSDT,ask,175,31066.0
2024-08-09 05:17:51,SOLUSDT,ask,175,31004.0
2024-08-09 05:27:20,SOLUSDT,ask,175,31004.0
2024-08-09 05:27:59,SOLUSDT,ask,175,31007.0
2024-08-09 05:28:35,SOLUSDT,ask,175,31008.0
2024-08-09 05:34:49,SOLUSDT,ask,175,31072.0
2024-08-09 05:40:16,SOLUSDT,ask,175,31077.0
2024-08-09 05:46:15,SOLUSDT,ask,175,31079.0
2024-08-09 05:46:37,SOLUSDT,ask,175,31081.0
2024-08-09 05:47:06,SOLUSDT,bid,154,54159.0
2024-08-09 05:48:38,SOLUSDT,ask,175,31020.0
2024-08-09 05:48:53,SOLUSDT,ask,175,31019.0
2024-08-09 05:49:49,SOLUSDT,bid,154,53981.0
2024-08-09 05:51:10,SOLUSDT,ask,175,31020.0
2024-08-09 05:52:24,SOLUSDT,ask,176,30151.0
2024-08-09 05:52:25,SOLUSDT,ask,176,30153.0
2024-08-09 05:52:26,SOLUSDT,ask,176,30155.0
2024-08-09 05:55:19,SOLUSDT,ask,175,31016.0
2024-08-09 05:56:18,SOLUSDT,ask,175,31015.0
2024-08-09 05:59:20,SOLUSDT,ask,178,34901.0
2024-08-09 06:02:25,SOLUSDT,ask,176,30151.0
2024-08-09 06:02:26,SOLUSDT,ask,176,30147.0
2024-08-09 06:03:38,SOLUSDT,ask,175,29991.0
2024-08-09 06:03:47,SOLUSDT,ask,178,34900.0
2024-08-09 06:04:22,SOLUSDT,ask,175,29993.0
2024-08-09 06:04:44,SOLUSDT,ask,175,29993.0
2024-08-09 06:06:13,SOLUSDT,ask,175,30027.0
2024-08-09 06:08:32,SOLUSDT,ask,175,30039.0
2024-08-09 06:09:33,SOLUSDT,ask,175,30041.0
2024-08-09 06:10:47,SOLUSDT,ask,175,30052.0
2024-08-09 06:11:54,SOLUSDT,ask,175,30041.0
2024-08-09 06:13:58,SOLUSDT,ask,175,30024.0
2024-08-09 06:14:56,SOLUSDT,ask,175,31085.0
2024-08-09 06:16:00,SOLUSDT,ask,175,31084.0
2024-08-09 06:16:53,SOLUSDT,ask,175,31086.0
2024-08-09 06:17:04,SOLUSDT,ask,175,31087.0
2024-08-09 06:17:26,SOLUSDT,ask,175,31084.0
2024-08-09 06:17:44,SOLUSDT,ask,178,34902.0
2024-08-09 06:17:44,SOLUSDT,ask,178,34904.0
2024-08-09 06:17:44,SOLUSDT,ask,178,34908.0
2024-08-09 06:27:14,SOLUSDT,ask,175,31074.0
2024-08-09 06:27:44,SOLUSDT,ask,178,34905.0
2024-08-09 06:27:44,SOLUSDT,ask,178,34901.0
2024-08-09 06:28:19,SOLUSDT,ask,175,31073.0
